@article{kabsch1983dictionary,
  title={Dictionary of protein secondary structure: pattern recognition of hydrogen-bonded and geometrical features},
  author={Kabsch, Wolfgang and Sander, Christian},
  journal={Biopolymers},
  volume={22},
  number={12},
  pages={2577--2637},
  year={1983},
  publisher={Wiley Online Library}
}

@article{richmond1984solvent,
  title={Solvent accessible surface area and excluded volume in proteins: Analytical equations for overlapping spheres and implications for the hydrophobic effect},
  author={Richmond, Timothy J},
  journal={Journal of molecular biology},
  volume={178},
  number={1},
  pages={63--89},
  year={1984},
  publisher={Elsevier}
}

@article{lobanov2008radius,
  title={Radius of gyration as an indicator of protein structure compactness},
  author={Lobanov, M Yu and Bogatyreva, NS and Galzitskaya, OV},
  journal={Molecular Biology},
  volume={42},
  number={4},
  pages={623--628},
  year={2008},
  publisher={Springer}
}

@article{van1998gromos,
  title={GROMOS force field},
  author={van Gunsteren, Wilfred F and Daura, Xavier and Mark, Alan E},
  journal={Encyclopedia of computational chemistry},
  year={1998},
  publisher={Wiley Online Library}
}

@article{maiorov1994significance,
  title={Significance of root-mean-square deviation in comparing three-dimensional structures of globular proteins},
  author={Maiorov, Vladimir N and Crippen, Gordon M},
  journal={Journal of molecular biology},
  volume={235},
  number={2},
  pages={625--634},
  year={1994},
  publisher={Elsevier}
}

@article{dorn:2014b,
title = "Three-dimensional protein structure prediction: Methods and computational strategies",
journal = "Comp. Biol. and Chem.",
volume = "53, Part B",
pages = "251 - 276",
year = "2014",
author = "Dorn, M. and Barbachan e Silva, M. and Buriol, L. S. and Lamb, L. C."}

@article{jacobsen2000single,
  title={Single amino acid substitutions in $\kappa$-conotoxin PVIIA disrupt interaction with the Shaker K+ channel},
  author={Jacobsen, Richard B and Koch, E Dietlind and Lange-Malecki, Bettina and Stocker, Martin and Verhey, Janko and Van Wagoner, Ryan M and Vyazovkina, Alexandra and Olivera, Baldomero M and Terlau, Heinrich},
  journal={Journal of Biological Chemistry},
  volume={275},
  number={32},
  pages={24639--24644},
  year={2000},
  publisher={ASBMB}
}

@article{mir2016conotoxins,
  title={Conotoxins: structure, therapeutic potential and pharmacological applications},
  author={Mir, Rafia and Karim, Sajjad and Amjad Kamal, Mohammad and M Wilson, Cornelia and Mirza, Zeenat},
  journal={Current pharmaceutical design},
  volume={22},
  number={5},
  pages={582--589},
  year={2016},
  publisher={Bentham Science Publishers}
}

@book{nelson2008lehninger,
  title={Lehninger principles of biochemistry},
  author={Nelson, David L and Lehninger, Albert L and Cox, Michael M},
  year={2008},
  publisher={Macmillan}
}

@article{hess2008gromacs,
  title={GROMACS 4: algorithms for highly efficient, load-balanced, and scalable molecular simulation},
  author={Hess, Berk and Kutzner, Carsten and Van Der Spoel, David and Lindahl, Erik},
  journal={Journal of chemical theory and computation},
  volume={4},
  number={3},
  pages={435--447},
  year={2008},
  publisher={ACS Publications}
}

@article{akey2002inherited,
  title={The inherited blindness associated protein AIPL1 interacts with the cell cycle regulator protein NUB1},
  author={Akey, Dayna T and Zhu, Xuemei and Dyer, Michael and Li, Aimin and Sorensen, Adam and Blackshaw, Seth and Fukuda-Kamitani, Taeko and Daiger, Stephen P and Craft, Cheryl M and Kamitani, Tetsu and others},
  journal={Human molecular genetics},
  volume={11},
  number={22},
  pages={2723--2733},
  year={2002},
  publisher={Oxford University Press}
} 

@INPROCEEDINGS{Grisci:2016, 
	author={Grisci, B. and Dorn; M.}, 
	booktitle={2016 International Joint Conference on Neural Networks (IJCNN)}, 
	title={Predicting protein structural features with NeuroEvolution of Augmenting Topologies}, 
	year={2016}, 
	pages={873-880}, 
	month={July}}


@article{Borguesan:2016,
	title = "NIAS-Server: Neighbors Influence of Amino acids and Secondary Structures in Proteins",
	journal = "J. Comput. Biol.",
	volume = "ahead of print",
	pages = "1-12",
	year = "2016",
	author = "Borguesan, B. and Inostroza-Ponta, M. and Dorn, M. "}




@article{Dong:2016,
	title = "Characterization and Prediction of Protein Flexibility Based on Structural Alphabets",
	journal = "	BioMed Res. Int.",
	volume = "4628025",
	pages = "1-7",
	year = "2014",
	author = "Dong, Q. and Wang, K. and Liu, B. and Liu, X."}






@article{Dukka:2016,
	title = "Recent advances in sequence-based protein structure prediction ",
	journal = "Brief. Bioinform.",
	volume = "ahead of print",
	pages = "1 - 12",
	year = "2016",
	author = " Dukka, K.C."}

@article{Li:2016,
	title = "Effects of protein flexibility and active site water molecules on the prediction of sites of metabolism for cytochrome P450 2C19 substrates",
	journal = "Mol. Biosyst.",
	volume = "12",
	number = "3",
	pages = "868-878",
	year = "2016",
	author = "Li, J. and Cai, J. and Su, H. and Du, H. and Zhang, J. and Ding, S. and Liu, G. and Tang, Y. and Li, W."}



@article{Dobson:2003,
title = "Protein folding and misfolding",
journal = "Nature",
volume = "426",
pages = "884-890",
year = "2003",
author = "Dobson, C.M."}




@article{Bornot:2011,
title = "Predicting protein flexibility through the prediction of local structures",
journal = "Proteins",
volume = "79",
number = "3",
pages = "839-852",
year = "2011",
author = "Bornot, A. and Etchebest, C. and e Brevern, A.G."
}

@article{touw:2015,
title = "A series of PDB related databases for everyday needs.",
journal = "Nucleic Acids Research 2015 January",
volume = "43",
year = "2015",
author = "Touw, Wouter G. and Baakman, Coos and Black, Jon and Beek, Tim AH te and Krieger, E and Joosten, Robbie P. and Vriend, Gert."
}

Dictionary of protein secondary structure: pattern recognition of hydrogen-bonded and geometrical features.
Kabsch W, Sander C, 
Biopolymers. 1983 22 2577-2637.
PMID: 6667333; UI: 84128824.


	@article{Borguesan:2015,
	author = "Borguesan, B. and Barbachan e Silva, M. and Grisci, B.I. and Inostroza-Ponta, M. and Dorn, M.",
	title = "APL: an Angle Probability List to improve knowledge-based metaheuristics for the three-dimensional protein structure prediction",
	journal = "Comput. Biol. Chem.",
	volume = "59",
	number = "A",
	pages = "142-157",
	year = "2015"}
	
    
    
@ARTICLE{Cozzetto:2009,
      author = "Cozzetto, D. and Kryshtafovych, A. and Fidelis, K. and Moult, J. and Rost, B. and Tramontano, A.",
      title = "Evaluation of template-based models in CASP8 with standard measures",
      journal  = "Proteins: Struct., Funct., Bioinf.",
      volume = "77",
      number = "9",
      year = "2009",
      pages = "18-28"
}


@article {Burnley:2012,
 author = {Burnley, B. and Afonine, P.V. and Adams, P.D. and Gros, P.},
 title = {Modelling dynamics in protein crystal structures by ensemble refinement},
 volume = {1},
 year = {2012},
 pages = {e00311},
 journal = {eLife}}


@article{Laskowski:1997,
    author = "Laskowski, R. A. and Hutchinson, G. E. and Michie, A. D. and Wallace, A. C. and Jones, M. L. and Thornton, J. M.",
    journal = "Trends Biochem.Sci.",
    number = "12",
    pages = "488--490",
    title = "P{D}{B}sum: a Web-based database of summaries and analyses of all {P}{D}{B} structures",
    volume = "22",
    year = "1997"}




@article{dorn:2014bb,
  author    = "Dorn, M. and
               Buriol, L.S. and
               Lamb, L.C.",
  title     = "MOIRAE: A computational strategy to extract and represent structural information from experimental protein templates",
  journal   = "Soft Comput.",
  volume    = "18",
  number    = "4",
  pages     = "773--795",
  year      = "2014"}



@article{Starovasnik:1997,
title = "Structural mimicry of a native protein by a minimized binding domain",
journal = "Proc. Natl. Acad. Sci. USA",
volume = "94",
number = "19",
pages = "10080-10085",
year = "1997",
author = "Starovasnik, M.A., Braisted, A.C., Wells J.A."
}




@article{pastor:2002,
	author = "Pastor, M. T. and Lopez de la Paz, M. and Lacroix, E. and Serrano, L. and Perez-Paya, E.", 
	title = "Combinatorial approaches: A new tool to search for highly structured β-hairpin peptides",
	volume = "99", 
	number = "2", 
	pages = "614-619", 
	year = "2002", 
	journal = "Proc.Natl.Acad.Sci.USA" 
}


@article{vita:2999,
	author = "Vita, C. and Drakopoulou, E. and Vizzavona, J. and Rochette, S. and Martin, L. and Menez, A. and Roumestand, C. and Yang, Y.S. and Ylisastigui, L. and Benjouad, A. and Gluckman, J.C.", 
	title = "Rational engineering of a miniprotein that reproduces the core of the CD4 site interacting with HIV-1 envelope glycoprotein",
	volume = "96",
	pages = "13091-13096",
	year = "1999",
	journal = "Proc.Natl.Acad.Sci.USA"
}

@article {Mathura:2005,
	author = "Mathura, V.S. and Kolippakkam, D.  ",
	title = "APDbase: Amino acid Physico­chemical properties Database",
	journal = "Bioinformation",
	volume = "1",
	number = "1",
	pages = "2-4",
	year = "2005"}
    
@article{Keskin:2004,
	author = "Keskin, O. and Yuret, D. and Gursoy, A. and Turkay, M. and Erman, B.",
	journal = "Proteins: Struct., Funct., Bioinf.",
	pages = "992--998",
	title = "Relationships Between Amino Acid Sequence and Backbone Torsion Angle Preferences",
	volume = "55",
	year = "2004"
}
@article {Crasto:2001,
	author = "Crasto, C.J. and Feng, J.",
	title = "Sequence codes for extended conformation: a neighbor-dependent sequence analysis of loops in proteins",
	journal = "Proteins",
	volume = "42",
	number = "3",
	pages = "399-413",
	year = "2001"}
	


@ARTICLE{Kleywegt:1996,
	title = "Checking your imagination: applications of the free R value ",
	journal = "Structure ",
	volume = "4",
	number = "8",
	pages = "897-904",
	year = "1996",
	note = "",
	author = "Kleywegt, G.J. and Brunger, A. T. "
}

@article{yamano:1997,
	author = "Yamano, A. and Heo, N.H. and Teeter, M.M.", 
	title = "Crystal structure of Ser-22/Ile-25 form crambin confirms solvent, side chain substate correlations.",
	volume = "272", 
	pages = "9597-9600", 
	year = "1997", 
	journal = "J.Biol.Chem." 
}

@article{neidigh:2002,
	author = "Neidigh, J.W. and Fesinmeyer, R.M. and Andersen, N.H.", 
	title = "Designing a 20-residue protein",
	volume = "9", 
	pages = "425-430", 
	year = "2002", 
	journal = "Nat.Struct.Biol." 
}


@article{chagot:2005,
	author = "Chagot, B. and Pimentel, C. and Dai, L. and Pil, J. and Tytgat, J. and Nakajima, T. and Corzo, G. and Darbon, H. and Ferrat, G.", 
	title = "An unusual fold for potassium channel blockers: NMR structure of three toxins from the scorpion Opisthacanthus madagascariensis",
	volume = "388", 
	pages = "263-271", 
	year = "2005", 
	journal = "Biochem.J." 
}




@ARTICLE{ericsson:2002,
      author = "Ericsson, M. and  Resende, M.G.C. and Pardalos, P.M.",
      title = "A genetic algorithm for the weight setting problem in OSPF routing",
     journal = "J. of Combinatorial Optimization",
      volume = "6",
      year = "2002",
      pages = "299-333"
}

@INBOOK{andersen:2003,
      title = "Secondary Structure Assignment: Structural Bioinformatics",
      year = "2003",
      author = "Andersen, C. A. F. and Rost, B.",
      editor = "P.E. Bourne and H. Weissig",
      chapter = "17",
      pages = "341"
}


@article{Frishman:1995,
    author = "Frishman, D. and Argos, P.",
    journal = "Proteins",
    number = "4",
    pages = "566-579",
    title = "Knowledge-based protein secondary structure assignment",
    volume = "23",
    year = "1995"
}


@inproceedings{dorn:2013,
  author = "Dorn, M. and Inostroza-Ponta, M. and Buriol, L. S. and Verli, H.",
  booktitle = "IEEE Congress on Evolutionary Computation",
  pages = "1233-1240",
  publisher = "IEEE",
  title = "A knowledge-based genetic algorithm to predict three-dimensional structures of polypeptides",
  address = "Cancun, MX",
  year = "2013"}




@BOOK{haupt:1998,
      booktitle = "Practical Genetic Algorithms",
      publisher = "John Wiley and Sons, Inc",
      year = "1998",
      author = "Haupt, R.L. and Haupt, S.E.",
      address = "New York",
      edition = "1"
}

@BOOK{schwefel:1995,
      booktitle = "Evolution and optimum seeking",
      publisher = "Wiley",
      year = "1995",
      author = "Schwefel, H.P.",
      address = "New York",
      edition = "1"
}

@article{Xia:2002,
	author = "Xia, X. and Xie, Z.", 
	title = "Protein Structure, Neighbor Effect, and a New Index of Amino Acid Dissimilarities",
	volume = "19", 
	number = "1", 
	pages = "58-67", 
	year = "2002", 
	URL = "http://mbe.oxfordjournals.org/content/19/1/58.abstract", 
	journal = "Molecular Biology and Evolution"
}

@ARTICLE{Moelbert:2004,
	author = "Moelbert, S. and Emberly, E. and Tang, C.",
	title = "Correlation between sequence hydrophobicity and surface-exposure pattern of database proteins",
	journal = "Protein Science",
	volume = "13",
	number = "3",
	publisher = "Cold Spring Harbor Laboratory Press",
	pages = "752--762",
	year = "2004",
}

@ARTICLE{ting:2010,
	title = "Neighbor-dependent Ramachandran probability distributions of amino acids developed from a hierarchical Dirichlet process model",
	author = "Ting, D. and Wang, G. and Shapovalov, M. and Mitra, R. and Jordan, M. I. and Dunbrack Jr, R. L.",
	journal = "PLoS computational biology",
	volume = "6",
	number = "4",
	pages = "e1000763",
	year = "2010",
	publisher = "Public Library of Science"
}


@BOOK{ChiKeong:2009,
      booktitle = "Multi-Objective Memetic Algorithms",
      publisher = "Springer Verlag",
      year = "2009",
      author = "Chi-Keong, G. and Ong, Y. and Tan, K.C.",
      address = "Heidelberg",
      edition = "1"
}

@BOOK{Kennedy:1995,
      author = "Kennedy, J. and Eberhart, R.C.",
      title = "Particle Swarm Optimization",
      booktitle = "Proceedings of IEEE International Conference on Neural Networks, Perth, Australia",
      publisher = "IEEE Press",
      year = "1995",
      address = "New York",
      pages = "1942"
}

@BOOK{kennedy:2001,
      booktitle = "Swarm Intelligence",
      publisher = "Morgan Kaufmann",
      year = "2001",
      author = "Kennedy, J. and Eberhart, R.C. and Shi, Y.",
      address = "San Diego",
      edition = "1"
}

@BOOK{goldberg:1989,
      booktitle = "Genetic Algorithms in Search, Optimization and Machine Learning",
      publisher = "Kluwer Academic Publishers",
      year = "1989",
      author = "Goldberg, D.E.",
      address = "Boston",
      edition = "1"
}



@ARTICLE{kirkpatrick:1983,
      author = "Kirkpatrick, S. and Gelatt, C.D. and Vecchi, M.P.",
      title = "Optimization by Simulated Annealing",
      journal  = "Science",
      volume = "220",
      number = "4598",
      year = "1983",
      pages = "671"
}


@ARTICLE{granville:1994,
      author = "Granville, V. and Krivanek, M.  and Rasson, J.-P.",
      title = "Simulated annealing: A proof of convergence",
      journal  = "IEEE T. Pattern Anal.",
      volume = "16",
      number = "6",
      year = "1994",
      pages = "652"
}


@Article{Heinig:2004,
AUTHOR = "Heinig, M. and Frishman, D.",
TITLE = "STRIDE: a web server for secondary structure assignment from
known atomic coordinates of proteins",
JOURNAL = "Nucleic Acids Res.",
VOLUME = "32",
YEAR = "2004"
PAGES = "W500-2"}

@Article{Carugo:2013,
AUTHOR = "Carugo, O. and Carugo, K.D.",
TITLE = "Half a century of Ramachandran plots",
JOURNAL = "Acta Crystallogr D Biol Crystallogr",
VOLUME = "69",
YEAR = "2013",
NUMBER = "8",
PAGES = "1333-1341"}

@ARTICLE{Tien:2013,
AUTHOR = "Tien, M.Z. and Sydykova, D.K. and Meyer, A.G. and Wilke, C.O.",
TITLE = "PeptideBuilder: A simple Python library to generate model peptides",
JOURNAL = "PeerJ.",
YEAR = "2013",
VOLUME = "1",
NUMBER = "80e"}

@ARTICLE{Dunbrack:2011,
AUTHOR = "Shapovalov, M.S. and Dunbrack, R.L.",
TITLE = "A smoothed backbone-dependent rotamer library for proteins derived from adaptive kernel density estimates and regressions",
JOURNAL = "Structure",
YEAR = "2011",
VOLUME = "19",
NUMBER = "6",
PAGES = "844-858"} 				

@ARTICLE{Hinsen:2000,
AUTHOR = "K Hinsen, K.",
TITLE = "The Molecular Modeling Toolkit: A New Approach to Molecular Simulations",
JOURNAL = "J. Comp. Chem.",
YEAR = "2000",
VOLUME = "21",
number = "2",
PAGES = "79-85"} 



@INPROCEEDINGS{dorn:2011, 
author="Dorn, M. and Buriol, L.S. and Lamb, L.C.", 
booktitle="IEEE Congress on Evolutionary Computation (CEC)",
title="A hybrid genetic algorithm for the 3-D protein structure prediction problem using a path-relinking strategy", 
year="2011", 
pages="2709-2716"}

@ARTICLE{Guntert:2004,
author = "Guntert, P.",
title = "Automated NMR structure calculation with CYANA",
journal = "Methods Mol. Biol.",
 volume = "278",
 pages = "353",
year = "2004"
}


@ARTICLE{Pettersen:2004,
      author = "Pettersen, E.F. and Goddard, T.D. and Huang, C.C. and Couch, G.S. and Greenblatt, D.M. and Meng, E.C. and Ferrin, T.E.",
      title = "UCSF Chimera: a visualization system for exploratory research and analysis",
     journal = "J. Comput. Chem.",
      volume = "25",
      number = "13",
      year = "2004",
      pages = "1605-1612"
}

@ARTICLE{Rumelhart:1986,
      author = "Rumelhart, D.E. and Hinton, G.E. and Williams, R.J.",
      title = "Learning representations by back-propagating errors",
     journal = "Nature",
      volume = "323",
      year = "1986",
      pages = "533-536"
}



@BOOK{Bryson:1969,
      author = "Bryson, A. E. and Ho, H.C",
      title = "Applied optimal control: optimization, estimation, and control",
     journal = "Blaisdell Publishing Company or Xerox College Publishing",
      edition = "1",
      year = "1969",
      pages = "481"
}



@ARTICLE{buriol:2005,
      author = "Buriol, L.S. and Resende, M.G.C. and Ribeiro, C.C. and Thorup, M.",
      title = "A hybrid genetic algorithm for the weight setting problem in OSPF/IS-IS routing",
     journal = "Networks",
      volume = "46",
      number = "1",
      year = "2005",
      pages = "36-56"
}

	@ARTICLE{liu:2006,
      author = "Liu, J. and Zheng, Q. and Deng, Y. and Cheng, C.S. and Kallenbach, N.R. and Lu, M.",
      title = "A seven-helix coiled coil",
     journal = "Proc. Natl. Acad. Sci. U.S.A.",
      volume = "103",
      number = "42",
      year = "2006",
      pages = "15457-15462"
}




@BOOK{Langdon:2010,
      title = "Foundations of genetic programming",
      author = "Langdon, W.B. and Poli, R.",
      year = "2010",
      address = "Berlin, Germany",
      publisher = "Springer-Verlag", 
      edition = "1",
      pages = "260"
}


@BOOK{Floreano:2008,
      title = "Bio-Inspired artificial intelligence",
      author = "Floreano, D. and Mattiussi, C.",
      year = "2008",
      address = "Boston, USA",
      publisher = "MIT Press", 
      edition = "1",
      pages = "659"
}




@BOOK{Schwartz:2008,
      title = "Biological Modeling and Simulation: a survey of pratical models, algorithms, and numerical methods",
      author = "Schwartz, R.",
      year = "2008",
      address = "London, UK",
      publisher = "MIT Press", 
      edition = "1",
      pages = "389"
}


@BOOK{luke:2009,
      title = "Essentials of metaheuristics",
      author = "Luke, S.",
      year = "2009",
      publisher = "Lulu", 
      edition = "1",
      pages = "227"
}



@INBOOK{wooley:2010,
     title = "A historical perspective and overview of protein structure prediction",
     year = "2010",
     booktitle = "Computational Methods for Protein Structure Prediction and Modeling",
     author = "Wooley, J.C. and Ye, Y.",
     editor = "Xu, Y. and Xu, D. and Liang, J.",
     chapter = "1",
     pages = "1-43",
     publisher = "Springer"}



@INBOOK{mackerell:2010,
      booktitle = "Computational methods for protein structure prediction and modeling",
      title = "Empirical force fields",
      year = "2010",
      author = "MacKerrel, A.D.",
      editor = "Xu, Y. and Xu, D. and Liang, J.",
      chapter = "2",
      pages = "45-69", 
      publisher = "Springer"
}


@BOOK{xu:1995a,
      booktitle = "Protein folds: A distance-based approach",
      author = "Rost, B.",
      year = "1995",
      editor = "Bohr, H. and Brunak, S.",
      address = "Boca Raton, USA",
      publisher = "CRC Press", 
      title = "Fitting 1-D predictions into 3-D structures",
      pages = "132"
}

@ARTICLE{Moare:1962,
      author = "Moare, C.A.R.",
      title = "Quicksort",
      journal = "Computer J.",
      volume = "5",
      number = "1",
      year = "1962",
      pages = "10-15"
}




@ARTICLE{Banner:1987,
      author = "Banner, D.W. and Kokkinidis, M. and Tsernoglou, D.",
      title = "Structure of the ColE1 rop protein at 1.7 A resolution",
      journal = "J. Mol. Biol.",
      volume = "196",
      year = "1987",
      pages = "657-675"
}


@ARTICLE{Tudor:1996,
      author = "Tudor, J.E. and Pallaghy, P.K. and Pennington, M.W. and Norton, R.S.",
      title = "Solution structure of ShK toxin, a novel potassium channel inhibitor from a sea anemone",
      journal = "Nat. Struct. Biol.",
      volume = "3",
      year = "1996",
      pages = "317-320"
}

@ARTICLE{Ji:1999,
      author = "Ji, H. and Shu, W. and Burling, F.T. and Jiang, S. and Lu, M.",
      title = "Inhibition of human immunodeficiency virus type 1 infectivity by the gp41 core: role of a conserved hydrophobic cavity in membrane fusion",
      journal = "J. Virol.",
      volume = "73",
      year = "1999",
      pages = "8578-8586"
}


@ARTICLE{Cai:2004,
      author = "Cai, Z. and Xu, C. and Xu, Y. and Lu, W. and Chi, C.W. and Shi, Y. and Wu, J.",
      title = "Solution structure of BmBKTx1, a new BKCa1 channel blocker from the Chinese scorpion Buthus martensi Karsch",
      journal = "Biochemistry",
      volume = "43",
      year = "2004",
      pages = "3764-3771"
}



@ARTICLE{Donaldson:2003,
      author = "Donaldson, L.W. and Wojtyra, U. and Houry, W.A.",
      title = "Solution structure of the dimeric zinc binding domain of the chaperone ClpX",
      journal = "J. Biol. Chem.",
      volume = "278",
      year = "2003",
      pages = "48991-48996"
}



@ARTICLE{Sarisky:2001,
      author = "Sarisky, C.A. and Mayo, S.L.",
      title = "The beta-beta-alpha fold: explorations in sequence space",
      journal = "J. Mol. Biol.",
      volume = "307",
      year = "2001",
      pages = "1411-1418"
}

@ARTICLE{Clarke:1994,
      author = "Clarke, N.D. and Kissinger, C.R. and Desjarlais, J. and Gilliland, G.L. and Pabo, C.O.",
      title = "Structural studies of the engrailed homeodomain",
      journal = "Protein Sci.",
      volume = "3",
      year = "1994",
      pages = "1779-1787"
}


@ARTICLE{Rao:1995,
      author = "Rao, Z. and Handford, P. and Mayhew, M. and Knott, V. and Brownlee, G.G. and Stuart, D.",
      title = "The structure of a Ca(2+)-binding epidermal growth factor-like domain: its role in protein-protein interactions",
      journal = "Cell",
      volume = "82",
      year = "1995",
      pages = "131-141"
}


@ARTICLE{Zerella:2000,
      author = "Zerella, R. and Chen, P.Y. and Evans, P.A. and Raine, A. and Williams, D.H.",
      title = "Structural characterization of a mutant peptide derived from ubiquitin: implications for protein folding",
      journal = "Protein Sci.",
      volume = "9",
      year = "2000",
      pages = "2142-2150"
}

@ARTICLE{Withers-Ward:2000,
      author = "Withers-Ward, E.S. and Mueller, T.D. and Chen, I.S. and Feigon, J.",
      title = "Biochemical and structural analysis of the interaction between the UBA(2) domain of the DNA repair protein HHR23A and HIV-1 Vpr",
      journal = "Biochemistry",
      volume = "39",
      year = "2000",
      pages = "14103-14112"
}


@ARTICLE{Hill:1991,
      author = "Hill, C.P. and Yee, J. and Selsted, M.E. and Eisenberg, D.",
      title = "Crystal structure of defensin HNP-3, an amphiphilic dimer: mechanisms of membrane permeabilization",
      journal = "Science",
      volume = "251",
      year = "1991",
      pages = "1481-1485"
}


@ARTICLE{Dauplais:1997,
      author = "Dauplais, M. and  Lecoq, A. and Song, J. and Cotton, J. and  Jamin, N. and  Gilquin, B. and  Roumestand, C. and  Vita, C. and de Medeiros, C.L. and Rowan, E.G. and Harvey, A.L. and Menez, A.",
      title = "On the convergent evolution of animal toxins. Conservation of a diad of functional residues in potassium channel-blocking toxins with unrelated structures",
      journal = "J. Biol. Chem",
      volume = "272",
      year = "1997",
      pages = "4302-4309"
}

@ARTICLE{Nagadoi:1999,
      author = "Nagadoi, A. and Nakazawa, K. and Uda, H. and Okuno, K. and Maekawa, T. and Ishii, S. and Nishimura, Y.",
      title = "Solution structure of the transactivation domain of ATF-2 comprising a zinc finger-like subdomain and a flexible subdomain",
      journal = "J. Mol. Biol.",
      volume = "287",
      year = "1999",
      pages = "593-607"
}



@BOOK{rost:1995a,
      booktitle = "Protein folds: A distance-based approach",
      author = "Rost, B.",
      year = "1995",
      editor = "Bohr, H. and Brunak, S.",
      address = "Boca Raton",
      publisher = "CRC Press", 
      title = "Fitting 1-D predictions into 3-D structures",
      pages = "132"
}


@BOOK{koonin:2002,
      booktitle = "Computational approaches in comparative genomics",
      author = "Koonin, E.V. and Galperin, M.Y.",
      year = "2002",
      address = "Norwell, USA",
      publisher = "Kluwer", 
      pages = "463"
}


@BOOK{marques:1999,
      booktitle = "Reconhecimento de padrões: métodos estatísticos e neuronais",
      author = "Marques, J.S.",
      year = "1999",
      address = "Lisboa, Portugal",
      publisher = "IST Press", 
      edition = "1",
      pages = "320"
}

@article{Karci:2009,
 author = "Karci, A. and Demir, M.",
 title = "Estimation of protein structures by classification of angles between $\alpha$-carbons of amino acids based on artificial neural  networks",
 journal = "Expert Syst. Appl.",
 volume = "36",
 number = "3",
 year = "2009",
 pages = "5541-5548",
 publisher = "Pergamon Press, Inc.",
 address = "Tarrytown"
} 


@BOOK{desa:2001,
      booktitle = "Pattern recognition: concepts, methods and appĺications",
      author = "de Sa, J.P.M.",
      year = "2001",
      address = "Berlin",
      publisher = "Springer", 
      edition = "1",
      pages = "318"
}

@ARTICLE{blanc:1996,
      author = "Blanc, E. and Fremont, V. and Sizun, P. and Meunier, S. and Van Rietschoten, J. and Thevand, A. and Bernassau, J.M. and Darbon, H.",
      title = "Solution structure of P01, a natural scorpion peptide structurally analogous to scorpion toxins specific for apamin-sensitive potassium channel",
      journal  = "Proteins",
      volume = "24",
      year = "1996",
      pages = "359-369"
}


@ARTICLE{Onufriev:2000,
      author = "Onufriev, A. and Bashford, D. and Case, D.A.",
      title = "Modification of the Generalized Born Model Suitable
for Macromolecules",
      journal  = "J. Phys. Chem. B",
      volume = "104",
      year = "2000",
      pages = "3712-3720"
}



@ARTICLE{tugarinov:1999,
      author = "Tugarinov, V. and  Zvi, A. and  Levy, R. and  Anglister, J.",
      title = "A cis proline turn linking two beta-hairpin strands in the solution structure of an antibody-bound HIV-1IIIB V3 peptide",
      journal  = "Nat. Struct. Biol.",
      volume = "6",
      year = "1999",
      pages = "331-335"
}



@ARTICLE{smith:1997,
      author = "Smith, G.D. and  Blessing, R.H. and  Ealick, S.E. and  Fontecilla-Camps, J.C. and Hauptman, H.A. and  Housset, D., and Langs, D.A. and Miller, R.",
      title = "Ab initio structure determination and refinement of a scorpion protein toxin",
      journal  = "Acta Crystallogr.",
      volume = "53",
      year = "1997",
      pages = "551-557"
}




@ARTICLE{liu:1997,
      author = "Liu, J. and  Lynch, P.A. and  Chien, C.Y. and  Montelione, G.T. and  Krug, R.M. and Berman, H.M.",
      title = "Crystal structure of the unique RNA-binding domain of the influenza virus NS1 protein",
      journal  = "Nat. Struct. Biol.",
      volume = "4",
      year = "1997",
      pages = "896-899"
}


@ARTICLE{Lloyd:1982,
      author = "Lloyd, S.P.",
      title = "Least squares quantization in PCM",
      journal  = "IEEE Trans. Inf. Theory",
      volume = "28",
      number = "2",
      year = "1982",
      pages = "129��-137"
}



@ARTICLE{Onufriev:2004,
      author = "Onufriev, A. and Bashford, D. and Case, D.A.",
      title = "Exploring protein native states and large-scale
conformational changes with a modified generalized born model",
      journal  = "Proteins",
      volume = "55",
      year = "2004",
      pages = "383-394"
}



@ARTICLE{Hornak:2006,
      author = "Hornak, V. and Abel, R. and Okur, A. and Strockbine, B. and Roitberg, A. and Simmerling, C.",
      title = "Comparison of multiple Amber force fields and development of improved protein backbone parameters",
      journal  = "Proteins",
      volume = "65",
      year = "2006",
      pages = "712-725"
}



@ARTICLE{Weiner:1984,
      author = "Weiner, S.J. and Kollman, P.A. and Case, D.A. and Singh, U.C. and Alagona, G. and Profeta Jr., S. and Weiner, P.",
      title = "A new force field for the molecular mechanical simulation of nucleic acids and proteins",
      journal  = "J. Am. Chem. Soc.",
      volume = "106",
      year = "1984",
      pages = "765-784"
}


@Article{Dayhoff:1978,
	author = "M.O. Dayhoff and R.M. Schwartz and B.C. Orcutt",
	title = "A model of evolutionary change in proteins",
	journal = "Atlas of Protein Sequence and Structure",
	volume = "5",
	number = "3",
	year = "1978",
	pages = "345-352"
}


@BOOK{zhang:2005,
 booktitle = "Bioinformatics Technologies",
	author = "Zhang, Q. and Veretnik, S. and  Bourne, P. E.",
	publisher = "Springer",
	year = "2005",
	editor = "Y.-P.P. Chen",
	chapter = "2",
	address = "Heidelberg",
	title= "Overview of structural bioinformatics"
}



@ARTICLE{tsui:2001,
      author = "Tsui, V. and Case, D.A.",
      title = "Theory and applications of the generalized bron solvation model in macromolecular simulations",
      journal  = "Biopolymers",
      volume = "56",
      year = "2001",
      pages = "275-291"
}

@ARTICLE{Venkatachalam:1968,
      author = "Venkatachalam, C.M.",
      title = "Stereochemical criteria for polypeptides and proteins. V. Conformation of a system of three linked peptide units",
      journal  = "Biopolymers",
      volume = "6",
      number = "10",
      year = "1968",
      pages = "1425-1436"
}

@ARTICLE{Richardson:1981,
      author = "Richardson, J.S.",
      title = "The anatomy and taxonomy of protein structure",
      journal  = "Biopolymers",
      volume = "34",
      year = "1981",
      pages = "167-339"
}

@article{milnerwhite:1988,
title = "One type of gamma-turn, rather than the other gives rise to chain-reversal in proteins",
journal = "J. Mol. Biol.",
volume = "204",
number = "3",
pages = "777-782",
year = "1988",
author = "Milner-White, E.J. and Ross, B.M. and Ismail, R. and Belhadj-Mostefa, K. and Poet, R."
}


@article{rose:1985,
title = "Turns in peptides and proteins",
journal = "Adv. Protein Chem.",
volume = "37",
pages = "1-109",
year = "1985",
author = "Rose, G.D. and Gierasch, L.M. and Smith, J.A."
}


@ARTICLE{still:1990,
      author = "Still, W.C. and Yeo, H.C. amd Kolatkar, P.R. and Clarke, N.D",
      title = "Semianalytical treatment of solvation for molecular mechanics and dynamics",
      journal  = "J. Am. Chem. Soc.",
      volume = "112",
      year = "1990",
      pages = "6127-6129"
}


@BOOK{liljas:2011,
      booktitle = "Textbook of structural biology",
      author = "Liljas, A. and Liljas, L. and Pskur, J. and Lindblom, G. amd Nissen, P. and Kjeldgaard, M.",
      year = "2001",
      address = "Singapore",
      publisher = "World Scientific Printers", 
      pages = "572"
}

@ARTICLE{Bujnicki:2001,
      author = "Bujnicki, J.M. and Elofsson, A. and Fischer, D. and Rychlewski, L.",
      title = "Structure prediction meta server",
      journal = "Bioinformatics",
      volume = "17",
      year = "2001",
      pages = "750-751"
}


@ARTICLE{Fischer:2006,
      author = "Fischer, D.",
      title = "Servers for protein structure prediction",
      journal = "Curr. Opin. Struct. Biol.",
      volume = "16",
      year = "2006",
      pages = "178-182"
}

@ARTICLE{Zhou:2009B,
      author = "Zhou, H. and Pandit, S.B. and Skolnick, J.",
      title = "Performance of the Pro-sp3-TASSER Server in CASP8",
      journal = "Proteins: Struc., Func. Gen.",
      volume = "77",
      number = "S9",
      year = "2009",
      pages = "123-127"
}

@ARTICLE{Zhou:2007,
      author = "Zhou, H. and Skolnick, J.",
      title = "Ab initio protein structure prediction using chunk-TASSER",
      journal = "Biophys. J.",
      volume = "93",
      year = "2007",
      pages = "1510-1518"
}


@ARTICLE{Barthel:2007,
      author = "Barthel, D. and Hirst, J.D. and Blazewicz, J. and Burke, E.K. and Krasnogor, N.",
      title = "ProCKSI: a decision support system for Protein (structure) Comparison, Knowledge, Similarity and Information",
      journal = "BMC Bioinf.",
      volume = "8",
      year = "2007",
      pages = "1-22"
}


@ARTICLE{Wallner:2007,
      author = "Wallner, B. and Larsson, P. and Elofsson, A.",
      title = "Pcons.net: protein structure prediction meta server",
      journal = "Nucleic Acids Res.",
      volume = "35",
      year = "2007",
      pages = "369-374"
}


@ARTICLE{Sasin:2003,
      author = "Sasin, J.M. and Kurowski, M.A. and Bujnicki, J.M.",
      title = "STRUCLA: a WWW meta-server for protein structure comparison and evolutionary classification",
      journal = "Bioinformatics",
      volume = "19",
      year = "2003",
      pages = "252-254"
}

@ARTICLE{Siew1:2000,
      author = "Siew1, N. and Elofsson, A. and Rychlewski, L. and Fischer, D.",
      title = "MaxSub: an automated measure for the assessment of protein structure prediction quality",
      journal = "Bioinformatics",
      volume = "16",
      number = "9",
      year = "2000",
      pages = "776-785"
}

@ARTICLE{ginalski2003,
      author = "Ginalski, K. and Elofsson, A. and Fischer, D. and Rychlewski, L.",
      title = "3D-Jury: a simple approach to improve protein structure predictions",
      journal = "Bioinformatics",
      volume = "19",
      number = "8",
      year = "2003",
      pages = "1015-1018"}


@ARTICLE{Jaskowski:2007,
      author = "Jaskowski, W. and Blazewicz, J. and Lukasiak, P. and Milostan, M. and Krasnogor, N.",
      title = "	",
      journal = "Found. Comput. Decis. Sci.",
      volume = "31",
      number = "1",
      year = "2007",
      pages = "3-15"
}

@ARTICLE{Moult:1995,
      author = "Moult, J. and Pedersen, J.T. and Judson, R. and Fidelis, K.",
      title = "A large-scale experiment to assess protein structure prediction methods",
      journal = "Proteins: Struc., Func. Gen.",
      volume = "23",
      year = "1995",
      pages = "2-5"
}
@ARTICLE{Moult:1999,
      author = "Moult, J. and Hubbard, T. and Fidelis, K. and Pedersen, J.T.",
      title = "Critical assessment of methods of protein structure prediction (CASP): round III",
      journal = "Proteins: Struc., Func. Gen.",
      volume = "37",
      year = "1999",
      pages = "2-6"
}


@ARTICLE{Moult:1997,
      author = "Moult, J. and Hubbard, T. and Bryant, S.H. and Fidelis, K. and Pedersen, J.T.",
      title = "Critical assessment of methods of protein structure prediction (CASP): round II",
      journal = "Proteins: Struc., Func. Gen.",
      volume = "29",
      year = "1997",
      pages = "2-6"
}

@ARTICLE{Moult:2001,
      author = "Moult, J. and Fidelis, K. and Zemla, A. and Hubbard, T.",
      title = "Critical assessment of methods of protein structure prediction (CASP): round IV",
      journal = "Proteins: Struc., Func. Gen.",
      volume = "45",
      year = "2001",
      pages = "2-7"
}
@ARTICLE{notredame:2002,
      author = "Notredame, C.",
      title = "Recent progresses in multiple sequence alignment: a survey",
      journal  = "Pharmacogenomics",
      volume = "31",
      number = "1",
      year = "2002",
      pages = "131-144"
}


@ARTICLE{thompson:1999,
      author = "Thompson, J.D. and Plewniak, F. and Poch, O.",
      title = "A comprehensive comparison of multiple sequence alignment programs",
      journal  = "Nucleic Acids Res.",
      volume = "27",
      number = "13",
      year = "1999",
      pages = "2682-2690"
}

@ARTICLE{wallace:2005,
      author = "Wallace, I.M. and Blackshields, G. and Higgins, D.G.",
      title = "Multiple sequence alignments",
      journal  = "Curr. Opin. Struct. Biol.",
      volume = "15",
      number = "3",
      year = "2005",
      pages = "261-266"
}


@ARTICLE{notredame:2007B,
      author = "Notredame, C.",
      title = "Recent evolutions of multiple sequence alignment algorithms",
      journal  = "PLoS Comput. Biol.",
      volume = "8",
      number = "3",
      year = "2007",
      pages = "1405-1408"
}

@ARTICLE{altschul:1994,
      author = "Altschul, S.F. and Boguski, M.S. and Gish, W. and Wootton, J.C.",
      title = "Issues in searching molecular sequence databases",
      journal = "Nat. Genet.",
      year = "1994",
      volume = "6",
      pages = "119-129"
}

@ARTICLE{lipman:1989,
      author = "Lipman, D.J. and Altschul, S.F. and Kececioglu, J.D.",
      title = "A tool for multiple sequence alignment",
      journal  = "Proc. Natl. Acad. Sci. U.S.A.",
      volume = "86",
      number = "12",
      year = "1989",
      pages = "4412-4415"
}

@ARTICLE{hirosawa:1995,
      author = "Hirosawa, M. and Totoki, Y. and Hoshida M. and Ishikawa, M.",
      title = "Comprehensive study on iterative algorithms of multiple sequence alignment",
      journal  = "CABIOS, Comput. Appl. Biosci.",
      volume = "11",
      number = "1",
      year = "1995",
      pages = "13-18"
}

@ARTICLE{grasso:2004,
      author = "Grasso, C. and Lee, C.",
      title = "Combining partial order alignment and progressive multiple sequence alignment increases alignment speed and scalability to very large alignment problems",
      journal  = "Bioinformatics",
      volume = "20",
      number = "10",
      year = "2004",
      pages = "1546-1556"
}

@ARTICLE{kim:1994,
      author = "Kim, J. and Pramanik, S. and Chung, M.J.",
      title = "Multiple sequence alignment using simulated annealing",
      journal  = "CABIOS, Comput. Appl. Biosci.",
      volume = "10",
      number = "4",
      year = "1994",
      pages = "419-426"
}
@ARTICLE{edgar:2004,
      author = "Edgar, R.C.",
      title = "MUSCLE: multiple sequence alignment with high accuracy and high throughput",
      journal  = "Nucleic Acids Res.",
      volume = "32",
      number = "5",
      year = "2004",
      pages = "1792-1797"
}

@ARTICLE{brudno:2003,
      author = "Brudno, M. and Chapman, M. and Gottgens, B. and Batzoglou, S. and Morgenstern, B.",
      title = "Fast and sensitive multiple alignment of large genomic sequences",
      journal  = "BMC Bioinf.",
      volume = "4",
      number = "66",
      year = "2003",
      pages = "1-11"
}



@INBOOK{scheeff:2003,
      title = "Fundamentals of protein structure: Structural Bioinformatics",
      year = "2003",
      author = "Scheef, E.D. and Fink, J.L.",
      editor = "P.E. Bourne and H. Weissig",
      chapter = "2",
      pages = "15"
}

@Article{CML-TCS,
 author = "Garcez, A.S.A. and Lamb, L.C. and Gabbay,D.M.",
 title =  "Connectionist modal logic: representing modalities in neural networks",
 journal = "Theoretical Computer Science",
 volume = "371",
 number = "1-2",
 pages = "34-53",
 year = "2007",
}
@article{NECO3050,
 author = "Garcez, A.S.A. and Lamb, L.C.",
 title = "A connectionist computational Mmdel for epistemic and temporal reasoning",
 journal = "Neural Computation",
 year = "2006",
 volume = "18",
 number = "7",
 pages = "1711-1738",
 }
 @ARTICLE{richardson:1981,
      author = "Richardson, J.S.",
      title = "The anatomy and taxonomy of protein structures",
      journal = "Adv. Protein Chem.",
      year = "1981",
      volume = "34",
      pages = "167-339"
}
 
@ARTICLE{zhang:2009B,
      author = "Zhang, Y.",
      title = "Protein structure prediction: when is it useful?",
      journal = "Curr. Opin. Struct. Biol.",
      volume = "19",
      number = "2",
      year = "2009-B",
      pages = "145-155"
}
@ARTICLE{huang:1996,
      author = "Huang, E.S. and Subbiah, S. and Tsai, J. and Levitt, M.",
      title = "Using a hydrophobic contact potential to evaluate native and near-native folds generated by molecular dynamics simulations",
      journal  = "J. Mol. Biol.",
      volume = "257",
      number = "3",
      year = "1996",
      pages = "716-725"
}
@ARTICLE{white:1994,
      author = "White, J.V. and Muchnik, I. and Smith, T.F.",
      title = "Modeling protein cores with Markov random fields",
      journal  = "Math. Biosci.",
      volume = "124",
      number = "2",
      year = "1994",
      pages = "149-179"
}

@ARTICLE{bryant:1993,
      author = "Bryant, S.H. and Lawrence, C.E.",
      title = "An empirical energy function for threading protein sequence through the folding motif",
      journal  = "Proteins: Struc., Func. Gen.",
      volume = "16",
      number = "1",
      year = "1993",
      pages = "92-112"
}
@ARTICLE{luthy:1992,
      author = "Luthy, R. and Bowie, J.U. and Eisenberg, D.",
      title = "Assessment of protein models with three-dimensional profiles",
      journal = "Nature",
      year = "1992",
      volume = "356",
      pages = "83-85"
}

@ARTICLE{casari:1992,
      author = "Casari, G. and Sippl, M. J.",
      title = "Structure-derived hydrophobic potential. Hydrophobic potential derived from X-ray structures of globular proteins is able to identify native folds",
      journal = "J. Mol. Biol.",
      year = "1992",
      volume = "224",
      number = "3",
      pages = "725-732"
}

@ARTICLE{Xu:2003B,
      author = "Xu, J. and Li, M. and Kim, D. and Xu, Y.",
      title = "RAPTOR: optimal protein threading by linear programming",
      journal = "J. Bioinf. Comput. Biol.",
      year = "2003B",
      volume = "1",
      number = "1",
      pages = "95-117"
}

@ARTICLE{ginalski:2003B,
      author = "Ginalski, K. and  Pas, J. and  Wyrwicz, L.S. and  Grotthuss, M. and  Bujnicki, J.M. and Rychlewski, L.",
      title = "ORFeus: detection of distant homology using sequence profiles and predicted secondary structure",
      journal = "Nucleic Acids Res.",
      volume = "31",
      number = "13",
      year = "2003",
      pages = "3804-3807"
}

@ARTICLE{Lundstrom:2001,
      author = "Lundstrom, J. and Rychlewski, L. and Bujnicki, J.M. and Elofsson, A.",
      title = "Pcons: A neural-network based consensus predictor that improves fold recognition",
      journal = "Protein Sci.",
      volume = "10",
      year = "2001",
      pages = "2354-2362"
}

@ARTICLE{Moult:2007,
      author = "Moult, J. and Fidelis, K. and Kryshtafovych, A. and Rost, B. and Hubbard, T. and Tramontano, A.",
      title = "Critical assessment of methods of protein structure prediction: round VII",
      journal = "Proteins: Struc., Func. Gen.",
      volume = "69",
      year = "2007",
      pages = "3-9"
}

@ARTICLE{Moult:2005B,
      author = "Moult, J. and Fidelis, K. and Rost, B. and Hubbard, T. and Tramontano, A.",
      title = "Critical assessment of methods of protein structure prediction (CASP): round VI",
      journal = "Proteins: Struc., Func. Gen.",
      volume = "61",
      year = "2005",
      pages = "3-7"
}

@ARTICLE{Moult:2003,
      author = "Moult, J. and Fidelis, K. and Hubbard, T.",
      title = "Critical assessment of methods of protein structure prediction (CASP): round V",
      journal = "Proteins: Struc., Func. Gen.",
      volume = "53",
      year = "2003",
      pages = "334-339"
}



@ARTICLE{Moult:2009,
      author = "Moult, J. and Fidelis, K. and Kryshtafovych, A. and Rost, B. and Tramontano, A.",
      title = "Critical assessment of methods of protein structure prediction: round VIII",
      journal = "Proteins: Struc., Func. Gen.",
      volume = "77",
      year = "2009",
      pages = "3-9"
}

@ARTICLE{higgins:1993,
      author = "Higgins, D.G. and Thompson, J.D. and Gibson, T.J.",
      title = "Using CLUSTAL for multiple sequence alignments",
      journal  = "Methods Enzymol.",
      volume = "266",
      year = "1996",
      pages = "383-401"
}
@ARTICLE{li:2009,
      author = "Li, Y. and Zhang, Y.",
      title = "REMO: a new protocol to refine full atomic protein models from C-$\alpha$ traces by optimizing hydrogen-bonding networks",
      journal  = "Proteins: Struct., Funct., Bioinf.",
      volume = "76",
      year = "2009",
      pages = "665-676"
}

@ARTICLE{zhang:2005F,
      author = "Zhang, Y. and Skolnick, J. ",
      title = "TM-align: A protein structure alignment algorithm based on TM-score",
      journal = "Nucleic Acids Res.",
      volume = "33",
      year = "2005",
      pages = "2302-2309"
}




@ARTICLE{Maisuradze:2010,
      author = "Maisuradze, G.G. and Senet, P. and Czaplewski, C. and Liwo, A. and Scheraga, H.A.",
      title = "Investigation of protein folding by coarse-grained molecular dynamics with the UNRES force field",
      journal = "J. Phys. Chem. A",
      volume = "114",
      number = "13",
      year = "2010",
      pages = "4471-4485"
}

@ARTICLE{Czaplewski:2009,
      author = "Czaplewski, C. and Kalinowski, S. and Liwo, A. and Scheraga, H.A.",
      title = "Application of Multiplexed Replica Exchange Molecular Dynamics to the UNRES Force Field: Tests with alpha and alpha+beta Proteins",
      journal = "J. Chem. Theory Comput.",
      volume = "5",
      number = "3",
      year = "2009",
      pages = "627-640"
}

@ARTICLE{Shen:2009,
      author = "Shen, H. and Liwo, A. and Scheraga, H.A.",
      title = "An improved functional form for the temperature scaling factors of the components of the mesoscopic UNRES force field for simulations of protein structure and dynamics",
      journal = "J. Phys. Chem. B",
      volume = "113",
      number = "25",
      year = "2009",
      pages = "8738-8744"
}


@ARTICLE{He:2009,
      author = "He, Y. and Xiao, Y. and Liwo, A. and Scheraga, H.A.",
      title = "Exploring the parameter space of the coarse-grained UNRES force field by random search: selecting a transferable medium-resolution force field",
      journal = "J. Comput. Chem.",
      volume = "30",
      number = "13",
      year = "2009",
      pages = "2127-2135"
}

@ARTICLE{Nanias:2009,
      author = "Nanias, M. and Czaplewski, C. and Scheraga, H.A.",
      title = "Replica Exchange and Multicanonical Algorithms with the coarse-grained UNRES force field",
      journal = "J. Chem. Theory Comput.",
      volume = "2",
      number = "3",
      year = "2009",
      pages = "513-528"
}

@ARTICLE{Shen:2008,
      author = "Shen, H. and Czaplewski, C. and Liwo, A. and Scheraga, H.A.",
      title = "Implementation of a Serial Replica Exchange Method in a Physics-Based United-Residue (UNRES) Force Field",
      journal = "J. Chem. Theory Comput.",
      volume = "4",
      number = "8",
      year = "2008",
      pages = "1386-1400"
}

@ARTICLE{wu:2010,
      author = "Wu, S. and Zhang, Y.",
      title = "SEGMER:identifying protein sub-structural similarity by segmental threading",
      journal = "Structure",
      volume = "18",
      year = "2010",
      pages = "858-867"
}

@ARTICLE{wu:2008,
      author = "Wu, S. and Zhang, Y.",
      title = "MUSTER: Improving protein sequence profile-profile alignments by using multiple sources of structure information",
      journal = "Proteins: Struc., Func. Gen.",
      volume = "72",
      year = "2008",
      pages = "547-556"
}

@ARTICLE{wu:2008B,
      author = "Wu, S. and Zhang, Y.",
      title = "ANGLOR: A composite machine-learning algorithm for protein backbone torsion angle prediction",
      journal = "Plos One",
      volume = "2",
      year = "2008",
      pages = "3400-3408"
}





@ARTICLE{Liwo:2010,
      author = "Liwo, A. and Czaplewski, C. and Kleinerman, D.S. and Blood, P. and Scheraga, H.A.",
      title = "Implementation of molecular dynamics and its extensions with the coarse-grained UNRES force field on massively parallel systems; towards millisecond-scale simulations of protein structure, dynamics, and thermodynamics",
      journal = "J. Chem. Theory Comput.",
      volume = "6",
      number = "3",
      year = "2010",
      pages = "890-909"
}



@ARTICLE{Gouda:1992,
      author = "Gouda, H. and Torigoe, H. and Saito, A. and Sato, M. and Arata, Y. and Shimada, I.",
      title = "Three-dimensional solution structure of the B domain of staphylococcal protein A: comparisons of the solution and crystal structures",
      journal = "Biochemistry",
      volume = "31",
      year = "1992",
      pages = "9665-9672"
}


@ARTICLE{Glykos:1999,
      author = "Glykos, N.M. and Cesareni, G. and Kokkinidis, M.",
      title = "Protein plasticity to the extreme: changing the topology of a 4-alpha-helical bundle with a single amino acid substitution",
      journal = "Structure Fold. Des.",
      volume = "7",
      year = "1999",
      pages = "597-603"
}


@ARTICLE{dembos:1983,
      author = "Dembo, R.S. and Steihaug, T.",
      title = "Truncated-Newton algorithms for large-scale unconstrained optimization",
      journal = "Math. Program.",
      volume = "26",
      year = "1983",
      pages = "190-212"
}

@ARTICLE{Oldziej:2005,
      author = "Oldziej, S. and Czaplewski, C. and Liwo, A. and Chinchio, M. and Nanias, M. and Vila, J.A. and Khalili, M. and Arnautova, Y.A. and Jagielska, A. and Makowski, M. and Schafroth, H.D. and Kazmierkiewicz, R. and Ripoll, D.R. and Pillardy, J. and Saunders, J.A. and Kang, Y.K. and Gibson, K.D. and Scheraga, H.A.",
      title = "Physics-based protein-structure prediction using a hierarchical protocol based on the UNRES force field: assessment in two blind tests",
      journal = "Proc. Natl. Acad. Sci. U.S.A.",
      volume = "102",
      number = "21",
      year = "2005",
      pages = "7547-7552"
}


@ARTICLE{MacKerell:2004B,
      author = "MacKerell, A.D. Jr. and Feig, M. and Brooks, C.L.",
      title = "Extending the treatment of backbone energetics in protein force fields: limitations of gas-phase quantum mechanics in reproducing protein conformational distributions in molecular dynamics simulations",
      journal  = "J. Comput. Chem.",
      volume = "25",
      number = "11",
      year = "2004",
      pages = "1400-1415"
} 

@ARTICLE{MacKerell:2001,
      author = "MacKerell, A.D. Jr. and Banavali, N. and Foloppe, N.",
      title = "Development and current status of the CHARMM force field for nucleic acids",
      journal  = "Biopolymers",
      volume = "56",
      number = "4",
      year = "2001",
      pages = "257-265"
} 

@ARTICLE{Jorgensen:1983,
      author = "Jorgensen, W.L. and Chandrasekhar, J. and Madura, J.D. and Impey, R.W. and Klein, M.L.",
      title = "Comparison of simple potential functions for simulating liquid water",
      journal  = "J. Chem. Phys.",
      volume = "79",
      year = "1983",
      pages = "926-936"
} 

@ARTICLE{Gohlkea:2000,
      author = "Gohlkea, H. and Hendlicha, M and Klebe, G.",
      title = "Knowledge-based scoring function to predict protein-ligant interactions",
      journal  = "J. Mol. Biol.",
      volume = "295",
      year = "2000",
      pages = "337-356"
}



@ARTICLE{BenDavid:2009,
      author = "Ben-David, M. and Noivirt-Brik, O. and Prilusky, J. and Sussman,  J.L. and Levy, Y.",
      title = "Assessments of CASP8 structure predictions for template free targets",
      journal  = "Proteins: Struct., Funct., Bioinf.",
      volume = "77",
      number = "9",
      year = "2009",
      pages = "50-65"
}

@ARTICLE{Lu:2001,
      author = "Lu, H. and Skolnick, J.",
      title = "A distance-dependent atomic knowledge-based potential for improved protein structure selection",
      journal  = "Proteins: Struct., Funct., Bioinf.",
      volume = "44",
      year = "2001",
      pages = "223-232"
}

@ARTICLE{Zhang:2011,
      author = "Li, Y. and Zhang, Y.",
      title = "Atomic-level protein structure refinement using fragment guided molecular dynamics conformation sampling",
      journal  = "Structure",
      number = "12",
      volume = "19",
      year = "2011",
      pages = "1784-1795"
}


@ARTICLE{Cozzetto:2009,
      author = "Cozzetto, D. and Kryshtafovych, A. and Fidelis, K. and Moult, J. and Rost, B. and Tramontano, A.",
      title = "Evaluation of template-based models in CASP8 with standard measures",
      journal  = "Proteins: Struct., Funct., Bioinf.",
      volume = "77",
      number = "9",
      year = "2009",
      pages = "18-28"
}

@ARTICLE{liwo:1998,
      author = "Liwo, A. and Kazmierkiwicz, R. and Czaplewski, C. and Groth, M. and Oldziej, S. and Wawak, R.J. and Rackovsky, S. and Pincus, M.R. and Scheraga, H.A.",
      title = "United-residue  force  field  for  off-lattice protein-structure simulations; III. Origin of backbone hydrogen-bonding  cooperativity in united-residue potentials",
      journal = "J. Comput. Chem.",
      volume = "19",
      year = "1998",
      pages = "259-276"
}

@ARTICLE{liwo:1999,
      author = "Liwo, A. and Lee, J. and Ripoll, D.R. and Pillardy, J. and Scheraga, H.A.",
      title = "Protein structure prediction by global optimization of a potential energy function",
      journal = "Proc. Natl. Acad. Sci. U.S.A.",
      volume = "96",
      year = "1999",
      pages = "5482-5485"
}

@ARTICLE{liwo:1997,
      author = "Liwo, A. and Oldziej, S. and Pincus, M.R. and Wawak, R.J. and Rackovsky, S. and Scheraga, H.A.",
      title = "A united-residue force field for off-lattice protein-structure simulations. I. Functional forms and parameters of long-range side-chain interaction potentials from protein crystal data",
      journal = "J. Comput. Chem.",
      volume = "18",
      year = "1997",
      pages = "849-873"
}

@ARTICLE{liwo:1997B,
      author = "Liwo, A. and Pincus, M.R. and Wawak, R.J. and Rackovsky, S. and Oldziej, S. and Scheraga, H.A.",
      title = "A united-residue force field for off-lattice protein-structure simulations.  H:Parameterization of local interactions and determination of the weights of energy terms by Z-score optimization",
      journal = "J. Comput. Chem.",
      volume = "18",
      year = "1997",
      pages = "874-887"
}


@ARTICLE{Schmidt:2011,
      author = "Schmidt, T.  and Haas, J.  and Cassarino, T.G. and Schwede, T.",
      title = "Assessment of ligand-binding residue predictions in CASP9",
      journal = "Proteins: Struct., Funct., Bioinf.",
      volume = "79",
      number = "S10",
      year = "2011",
      pages = "126-136"      
}


@ARTICLE{Mariani:2011,
      author = "Mariani, V. and Kiefer, F. and Schmidt, T. Haas, J. and Schwede, T.",
      title = "Assessment of template based protein structure predictions in CASP9",
      journal = "Proteins: Struct., Funct., Bioinf.",
      volume = "79",
      number = "S10",
      year = "2011",
      pages = "37-58"      
}

@ARTICLE{Kryshtafovych:2011B,
      author = " Kryshtafovych, A. and Fidelis, K. andMoult, J.",
      title = "CASP9 results compared to those of previous casp experiments",
      journal = "Proteins: Struct., Funct., Bioinf.",
      volume = "79",
      number = "S10",
      year = "2011B",
      pages = "196-207"      
}


@ARTICLE{Moult:2011,
      author = "Moult, J. and Fidelis, K. and Kryshtafovych, A. and Tramontano, A.",
      title = "Critical Assessment of methods of protein structure prediction (CASP) - Round IX",
      journal = "Proteins: Struct., Funct., Bioinf.",
      volume = "79",
      number = "S10",
      year = "2011",
      pages = "1-5"      
}
      



@ARTICLE{Dunker:2001,
      author = "Dunker, A.K. and Lawson, J.D. and Brown, C.J. and Williams, R.M. and Romero, P. and Oh, J.S. and Oldfield, C.J. and Campen, A.M. and Ratliff, C.M. and Hipps, K.W. and Ausio, J. and Nissen, M.S. and Reeves, R. and Kang, C. and Kissinger, C.R. and Bailey, R.W. and Griswold, M.D. and Chiu, W. and Garner, E.C. and Obradovic, Z.",
      title = "Intrinsically disordered protein",
      journal = "J. Mol. Graph. Model.",
      volume = "19",
      number = "1",
      year = "2001",
      pages = "26-59"
}
@ARTICLE{Gunasekaran:2003,
      author = "Gunasekaran, K. and Tsai, C.J. and Kumar, S. and Zanuy, D. and Nussinov, R.",
      title = "Extended disordered proteins: targeting function with less scaffold",
      journal = "Trends Biochem. Sci.",
      volume = "28",
      number = "2",
      year = "2003",
      pages = "81-85"
}

@ARTICLE{laskowiski:2005,
      author = "Laskowiski, R.A. and Watson, J.D. and Thornton, J.M.",
      title = "ProFunc: a server for predicting protein functions from 3D structure",
      journal = "Nucleic Acids Res.",
      volume = "33",
      year = "2005",
      pages = "89-93"
}

@ARTICLE{laskowiski:2005B,
      author = "Laskowiski, R.A. and Watson, J.D. and Thornton, J.M.",
      title = "Protein function prediction using local 3D templates",
      journal = "J. Mol.Biol.",
      volume = "351",
      year = "2005B",
      pages = "614-626"
}

@ARTICLE{Wright:1999,
      author = "Wright, P.E. and Dyson, H.J.",
      title = "Intrinsically unstructured proteins: re-assessing the protein structure-function paradigm",
      journal = "J. Mol. Biol.",
      volume = "293",
      number = "2",
      year = "1999",
      pages = "321-331"
}

@BOOK{lesk:2010,
	title = "Introduction to Protein Science",
	publisher = "Oxford University Press",
	year = "2010",
	author = "Lesk, A. M.",
	address = "New York",
	edition = "2",
	pages = "455"
}

@ARTICLE{Dunker:2008,
      author = "Dunker, A.K. and Silman, I. and Uversky, V.N. and Sussman, J.L.",
      title = "Function and structure of inherently disordered proteins",
      journal = "Curr. Opin. Struct. Biol.",
      volume = "18",
      number = "6",
      year = "2008",
      pages = "756-764"
}

@ARTICLE{Tompa:2004,
      author = "Tompa, P. and Csermely, P.",
      title = "The role of structural disorder in the function of RNA and protein chaperones",
      journal = "FASEB J.",
      volume = "18",
      number = "11",
      year = "2004",
      pages = "1169-1175"
}


@ARTICLE{Tompa:2002,
      author = "Tompa, P.",
      title = "Intrinsically unstructured proteins",
      journal = "Trends Biochem Sci.",
      volume = "27",
      number = "10",
      year = "2002",
      pages = "527-533"
}

@ARTICLE{Uversky:2002,
      author = "Uversky, V.N.",
      title = "What does it mean to be natively unfolded?",
      journal = "Eur. J. Biochem.",
      volume = "269",
      number = "1",
      year = "2001",
      pages = "2-12"
}



@ARTICLE{zhou:2009A,
      author = "Zhou, H. and Skolnick, J.",
      title = "Protein structure prediction by Pro-Sp3-TASSER",
      journal = "Biophys. J.",
      volume = "96",
      year = "2009",
      number = "6",
      pages = "2119-2127"
}

@ARTICLE{Jauch:2007,
      author = "Jauch, R. and Yeo, H.C. and Kolatkar, P.R. and Clarke, N.D.",
      title = "Assessment of CASP7  structure predictions for template free targets",
      journal  = "Proteins: Struct., Funct., Bioinf.",
      volume = "69",
      number = "8",
      year = "2007",
      pages = "57-67"
}


@ARTICLE{Cheng:2008,
      author = "Cheng, J.",
      title = "A multi-template combination algorithm for protein comparative modeling",
      journal  = "BMC Struct. Biol.",
      volume = "8",
      number = "18",
      year = "2008",
      pages = "1-13"
}

@ARTICLE{Wu:2007B,
      author = "Wu, S. and Zhang, Y.",
      title = "LOMETS: A local meta-threading-server for protein structure prediction",
      journal = "Nucleic Acids Res.",
      volume = "35",
      number = "10",
      year = "2007",
      pages = "3375-3382"
}

@ARTICLE{xu:2011,
      author = "Xu, D. and Zhang, J. and Roy, A. and Zhang, A.",
      title = "Automated protein structure modeling in CASP9 by I-Tasser pipeline combined with Quark-based ab initio folding and FG-MD-based strcuture refinement",
      journal  = "Proteins: Struct., Funct., Bioinf.",
      volume = "79",
      number = "10",
      year = "2011",
      pages = "147-160"
}

@ARTICLE{Zhang:2008B,
      author = "Zhang, Y.",
      title = "Progress and challenges in protein structure prediction",
      journal  = "Curr. Opin. Struct. Biol.",
      volume = "18",
      year = "2008B",
      pages = "342-348"
}

@ARTICLE{Koop:2007,
      author = "Koop, S. and Bordoli, L. and Battey, J.N. and Kiefer, F. and Schwede, T.",
      title = "Assessment of CASP7 predictions for template-based modleing targets",
      journal  = "Proteins: Struct., Funct., Bioinf.",
      volume = "69",
      number = "8",
      year = "2007",
      pages = "38-56"
}

@ARTICLE{Monastyrskyy:2011B,
      author = "Kryshtafovych, A. and Fidelis, K. and Tramontano, A. and Kryshtafovych, A.",
      title = "Evaluation of residue?residue contact predictions in CASP9",
      journal = "Proteins: Struct., Funct., Bioinf.",
      volume = "79",
      number = "S10",
      year = "2011B",
      pages = "119-125"}

@ARTICLE{Monastyrskyy:2011,
      author = "Monastyrskyy, B. and Fidelis, K. and Moult, J. and Tramontano, A. and Kryshtafovych, A.",
      title = "Evaluation of disorder predictions in CASP9",
      journal = "Proteins: Struct., Funct., Bioinf.",
      volume = "79",
      number = "S10",
      year = "2011",
      pages = "107-118"
}

@ARTICLE{Kryshtafovych:2011,
      author = "Kryshtafovych, A. and Fidelis, K. and Tramontano, A.",
      title = "Evaluation of model quality predictions in CASP9",
      journal = "Proteins: Struct., Funct., Bioinf.",
      volume = "79",
      number = "S10",
      year = "2011",
      pages = "91-106"
}


@ARTICLE{hutchinson1996,
      author = "Hutchinson, E.G. and Thornton, J.M.",
      title = "PROMOTIF: A program to identify and analyze structural motifs in proteins",
      journal = "Protein Sci.",
      volume = "5",
      number = "2",
      year = "1996",
      pages = "212-220"
}

@ARTICLE{Morris:1992,
      author = "Morris, A.L. and MacArthur, M.W. and Hutchinson, E.G. and Thornton, J.M.",
      title = "Stereochemical quality of protein structure coordinates",
      journal = "Proteins: Struct., Funct., Bioinf.",
      volume = "12",
      year = "1992",
      pages = "345-364"
}

@ARTICLE{laskowski:1996,
      author = "Laskowski, R.A. and Rullmann, J.A. and MacArthur, M.W. and Kaptein, R. and Thornton, J.M.",
      title = "AQUA and PROCHECK-NMR: programs for checking the quality of protein structures solved by NMR",
      journal = "J. Biomol. NMR",
      volume = "8",
      year = "1996",
      pages = "477-486"
}

@ARTICLE{Kaczanowski:2010,
      author = "Kaczanowski, S. and Zielenkiewicz, P.",
      title = "Why similar protein sequences enconde similar three-dimensional structures?",
      journal  = "Theor. Chem. Acc.",
      volume = "125",
      year = "2010",
      pages = "643-650"
}

@BOOK{haile:1992,
     title = "Molecular dynamics simulations: Elementary methods",
     publisher = "John Wiley and Sons, Inc.",
     year = "1992",
     author = "Koza, J. R",
     address = "USA",
     edition = "1",
     pages = "512"
}

@ARTICLE{laskowski1993,
      author = "Laskowski, R.A. and MacArthur, M.W. and Moss, D.S. and Thornton, J.M.",
      title = "PROCHECK: a program to check the stereochemical quality of protein structures",
      journal = "J. Appl. Crystallogr.",
      volume = "26",
      number = "2",
      year = "1993",
      pages = "283-291"
}

@ARTICLE{martirenon:2000,
      author = "Mart\`i-Renom, M.A., Stuart, A., Fiser, A., Sanchez, R., Mello, F. and Sali, A.",
      title = "Comparative protein structure modelling of genes and genomes",
      journal = "Annu. Rev. Biophys. Biomol. Struct.",
      volume = "29",
      number = "16",
      year = "2000",
      pages = "291-235"
}


@BOOK{Clote:2000,
      title = "Computational molecular biology: An introduction",
      publisher = "John Wiley and Sons, Inc",
      year = "2000",
      author = "Clote, P. and Backofen, R.",
      address = "West Sussex, England",
      edition = "1"
}
   
@BOOK{rapaport:2004,
	title = "The art of molecular dynamics simulation",
	publisher = "Cambridge University Press",
	year = "2004",
	author = "Rapaport, D. C.",
	address = "Cambridge, UK",
	edition = "2",
	pages = "549"
}
  
@BOOK{horst:2010,
	title = "Global Optimization: Deterministic Approaches",
	publisher = "Springer",
	year = "2010",
	author = "Horst, R. and Tuy, H.",
	address = "Berlin, Germany",
	edition = "3",
	pages = "728"
}
  
@BOOK{floudas:2004,
	title = "Deterministic Global Optimization: Theory, Methods and Application",
	publisher = "Springer",
	year = "2004",
	author = "Floudas, C. A.",
	address = "Netherlands",
	edition = "2",
	pages = "549"} 

@BOOK{sternberg:1997,
	title = "Protein Structure Prediction: A practical approach",
	publisher = "Oxford University Press",
	year = "1997",
	pages = "320",
	author = "Sternberg, M.J.E.",
	address = "New York, USA",
	edition = "1"
}
  
@ARTICLE{wheeler:2005,
	author = "Wheeler, D.L. and  Barrett, T. and  Benson, D.A. and  Bryant, S.H. and  Canese, K. and  Church, D.M. and  DiCuccio, M. and  Edgar, R. and  Federhen, S. and  Helmberg, W. and  Kenton, D.L. and  Khovayko, O. and  Lipman, D.J. and  Madden, T.L. and  Maglott, D.R. and  Ostell, J. and  Pontius, J.U. and  Pruitt, K.D. and  Schuler, G.D. and  Schriml, L.M. and  Sequeira, E. and  Sherry, S.T. and  Sirotkin, K. and  Starchenko, G. and  Suzek, T.O. and  Tatusov, R. Tatusova and  T.A., Wagner and  L., Yaschenk",
	title = "Database resources of the national center for biotechnology information",
	journal = "Nucleic Acids Res.",
	volume = "33",
	year = "2005",
	number = "Database issue",
	pages = "39-45"
}

@ARTICLE{eswar:2006,
	author = "Eswar, N. and  Mart\'i-Renom, M.A. and  Webb, B. and  Madhusudhan, M. S. and  Eramian, D. and  Shen, M. and  Pieper, U. and Sali, A.",
	title = "Comparative protein structure modeling with MODELLER",
	year = "2006",
	journal = "Curr. Protoc. Bioinf.",
	volume = "15",
	pages = "5.6.1-5.6.30"
}

@ARTICLE{Soding:2005B,
	author = "Soding, J. and  Biegert, A. and Lupas, A.N.",
	title = "The HHpred interactive server for protein homology detection and structure prediction",
	journal = "Nucleic Acids Res.",
	year = "2005",
	volume = "33",
	number = "Web Server Issue",
	pages = "244-248"
}
  
@BOOK{lavalle:2006,
	title = "Planning Algorithms",
	publisher = "Cambridge University Press",
	year = "2006",
	author = "LaValle, S. M.",
	address = "New York, USA",
	edition = "1"
}
  
@BOOK{setubal:1997,
	title = "Introduction to Computational Molecular Biology",
	publisher = "PWS Publishing Company",
	year = "1997",
	author = "Setubal, J.C. and Meidanis, J.",
	address = "Boston, USA",
	pages = "300",
	edition = "1"
}

@BOOK{holland:1993,
	title = "Adaptation in natural and artificial systems",
	publisher = "The MIT Press",
	year = "1975",
	author = "Holland, J.",
	address = "Boston, USA",
	edition = "1"
}

@BOOK{pevzner:2000,
	title = "Computational Molecular Biology: An Algorithmic Approach",
	publisher = "The MIT Press",
	year = "2000",
	author = "Pevzner, P. A.",
	address = "Cambridge, USA",
	edition = "1"
}


@INCOLLECTION{altman:2005,
	booktitle = "Structural Bioinformatics",
	author = "Altman, R. B. and Dugan, J. M.",
	publisher = "John Wiley and Sons, Inc.",
	year = "2005",
	editor = "P. E. Bourne and H. Weissig",
	chapter = "1",
	volume = "44",
	title = "Defining bioinformatics and structural bioinformatics",
	pages = "1-14"
}

@BOOK{branden:1998,
	title = "Introduction to protein structure",
	publisher = "Garlang Publishing Inc.",
	year = "1998",
	author = "Branden, C. and Tooze, J.",
	address = "New York, USA",
	edition = "2",
	pages = "410"
}

@BOOK{lesk:2002,
	title = "Introduction to Bioinformatics",
	publisher = "Oxford University Press Inc.",
	year = "2002",
	author = "Lesk, A. M.",
	address = "New York, USA",
	edition = "1",
	pages = "308"
}

@BOOK{tramontano:2006,
	title = "Protein structure prediction: concepts and applications",
	publisher = "John Wiley and Sons, Inc.",
	year = "2006",
	author = "Tramontano, A.",
	address = "Weinheim, Germany",
	edition = "1",
	pages = "208"
}

@BOOK{baldi:2001,
	title = "Bioinformatics: The machine learning approach",
	publisher = "MIT Press",
	year = "2001",
	author = "Baldi, P. and Brunak, S.",
	address = "Cambridge, USA",
	edition = "2",
	pages = "452"
}

@BOOK{mitra:2003,
      title = "Data Mining: Multimedia, Soft Computing and Bioinformatics",
      publisher = "John Wiley and Sons, Inc.",
      year = "2003",
      author = "Mitra, S. and Acharya, T.",
      address = "New Jersey, USA",
      edition = "1",
      pages = "401"
}

@BOOK{witten:2005,
      title = "Data Mining: Pratical Machine Learning Tools and Techniques",
      publisher = "Elsevier",
      year = "2005",
      author = "Mitra, S. and Acharya, T.",
      address = "San Francisco, USA",
      edition = "2",
      pages = "525"
}

@BOOK{laarhoven:1987,
      title = "Theory of evolution strategies",
      publisher = "Kluwer Academic Publishers",
      year = "1987",
      author = "van Laarhove, P.J. and Aarts, E.H.",
      address = "Dordrecht, Netherlands",
      edition = "1",
      pages = "204"
}

@BOOK{beyer:2001,
      title = "Theory of evolution strategies",
      publisher = "Springer",
      year = "2001",
      author = "Beyer, H.",
      address = "Heidelberg, Germany",
      edition = "1",
      pages = "381"
}
  
@BOOK{robert:2004,
      title = "Monte Carlo statistical methods",
      publisher = "Springer",
      year = "2001",
      author = "Robert, C.P. and Casella, G.",
      address = "New York, USA",
      edition = "2",
      pages = "685"
}

@BOOK{fishman:1995,
      title = "Monte Carlo: Concepts, algorithms and applications",
      publisher = "Springer",
      year = "1995",
      author = "Fishman, G.S.",
      address = "New York, USA",
      edition = "1",
      pages = "728"
}

@BOOK{mitchell:1999,
      title = "An Introduction to Genetic Algorithms",
      publisher = "MI2005T Press",
      year = "1999",
      author = "Mitchell, M.",
      address = "Cambridge, USA",
      edition = "5",
      pages = "158"
}
  
@BOOK{koza:1998,
      title = "Genetic programming: On the programming of computers by means of natural selection",
      publisher = "MIT Press",
      year = "1998",
      author = "Koza, J. R",
      address = "Cambridge, USA",
      edition = "1",
      pages = "815"
}

@BOOK{papadimitriou:1998,
      title = "Combinatorial optimization: algorithms and complexity",
      publisher = "Dover Publications",
      year = "1998",
      author = "Papadimitriou, C. H. and Steiglitz, K.",
      address = "New Jersey, USA",
      edition = "1",
      pages = "512"
}

@BOOK{vazirani:2001,
      title = "Approximation Algorithms",
      publisher = "Springer",
      year = "2001",
      author = "Vazirani, V. V.",
      address = "New York, USA",
      edition = "1",
      pages = "256"
}

@BOOK{koza:1992,
      title = "Molecular dynamics simulations: Elementary methods",
      publisher = "John Wiley and Sons, Inc.",
      year = "1992",
      author = "Koza, J. R",
      address = "USA",
      edition = "1",
      pages = "512"
}

@BOOK{paar:1998,
      title = "Density functional theory of atoms and molecules",
      publisher = "Oxford Science Publications",
      year = "1998",
      author = "Paar, R.G. and Weitao, Y.",
      address = "New York, USA",
      edition = "1",
      pages = "352"
}

@BOOK{meurant:2006,
      title = "The Lanczos and Conjugate Gradient Algorithms: From theory to finite precision computations",
      publisher = "SIAM",
      year = "2006",
      author = "Meurant, G.",
      address = "Philadelphia, USA",
      edition = "1",
      pages = "365"
}
  
@BOOK{kelley:2003,
      title = "Solving nonlinear equations with Newton's method",
      publisher = "SIAM",
      year = "2003",
      author = "Kelley, C.T.",
      address = "Philadelphia, USA",
      edition = "1",
      pages = "118"
}

@BOOK{Garey:1979,
      title = "Computers and Intractability: A Guide to the Theory of NP-Completeness",
      publisher = "W.H. Freeman",
      year = "1979",
      author = "Garey, M.R. and Johnson, D.S.",
      address = "New York, USA",
      edition = "1",
      pages = "340"
}  
  
@INCOLLECTION{ngo:1997,
      booktitle = "Computational complexity, protein  structure prediction and the Levinthal Paradox",
      author = "Ngo, J.T. and Marks, J. and Karplus, M.",
      year = "1997",
      editor = "Merz Jr, K. and Grand, SL.",
      address = "Boston, USA",
      publisher = "Birkhauser",
      title = "The Protein Folding Problem and Tertiary Structure Prediction",
      pages = "435-508"
}

@ARTICLE{klepeis:2003C,
      author = "Klepeis, J.L. and Pieja, M.J. and Floudas, C.A.",
      title = "Hybrid global optimization algorithms for protein structure prediction: alternating hybrids",
      journal = "Biophys. J.",
      year = "2003",
      volume = "84",
      pages = "869-882"
}

@BOOK{lander:1995,
      title = "The secrets of life: a mathematician's introduction to Molecular Biology",
      publisher = "National Academy Press",
      year = "1999",
      author = "Lander, E.S. and  Waterman, M.S.",
      address = "Washington D. C., USA",
      chapter = "1",
      pages = "300"
}  
  
@BOOK{lodish:1990,
      title = "Molecular Cell Biology",
      publisher = "Scientific American Books, W.H. Freeman",
      year = "1990",
      author = "Lodish, H. and Berk, A. and Matsudaira, P. and Kaiser, C. A. and Krieger, M. and Scott, M.P.",
      address = "New York, USA",
      edition = "5",
      pages = "970"
}  





@ARTICLE{lewwis:1973,
      author = "Lewis, P.N. and Momany, F.A. and Scheraga, H.A.",
      title = "Chain reversals in proteins",
      journal = "Biochim. Biophys. Act.",
      year = "1973",
      volume = "303",
      number = "2",
      pages = "211-229"
}

@ARTICLE{nemethy:1972,
      author = "N\'emethy, G. and Printz, M. P.",
      title = "The $\gamma$-Turn, a Possible Folded Conformation of the Polypeptide Chain. Comparison with the $\beta$-Turn",
      journal = "Macromolecules",
      year = "1972",
      volume = "5",
      number = "6",
      pages = "755"
}

@BOOK{lehninger:2002,
      title = "Principles of Biochemistry",
      publisher = "W.H. Freeman",
      year = "2005",
      author = "Lehninger, A.L. and Nelson, D.L. and Cox, M.M.",
      address = "New York, USA",
      edition = "4",
      pages = "1100"
    }


@ARTICLE{hovmoller:2002,
      author = "Hovmoller, T.Z. and Ohlson, T.",
      title = "Conformation of amino acids in protein",
      journal = "Acta Crystallogr.",
      year = "2002",
      volume = "58",
      number = "5",
      pages = "768-776"
}

@BOOK{baxevanis:2001,
      title = "Bioinformatics: A practical guide to the analysis of genes and proteins",
      publisher = "John Wiley and Sons, Inc.",
      year = "1990",
      author = "Baxevanis, A.D. and Quellette, B.F.F.",
      address = "New York, USA",
      edition = "2",
      pages = "488"
}
  
@BOOK{gibas:2001,
      title = "Developing bioinformatics computer skills",
      publisher = "O'Reilly",
      year = "2001",
      author = "Gibas, C. and Jambeck, P.",
      address = "USA",
      edition = "1",
      pages = "448"
}  

@BOOK{mount:2001,
      title = "Bioinformatics: sequence and genome analysis",
      publisher = "Cold Spring Harbor Laboratory Press",
      year = "2001",
      author = "Mount, D. W.",
      address = "New York, USA",
      edition = "1",
      pages = "564"
}  

@ARTICLE{gunsteren:1990,
      author = "van Gunsteren, W.F. and Berendsen, H.J.C.",
      title = "Computer simulation of molecular dynamics: methodology, applications, and perspectives in chemistry",
      journal = "Angew. Chem., Int. Ed. Engl.",
      volume = "29",
      year = "1990",
      number = "9",
      pages = "992-1023"
}

@ARTICLE{vasquez:1996,
      author = "V\'asquez, M.",
      title = "Modeling side-chain conformation",
      journal = "Curr. Opin. Struct. Biol.",
      volume = "6",
      year = "1996",
      number = "2",
      pages = "217-221"
}

@ARTICLE{voigt:2000,
      author = "Voigt, C.A. and  Gordon, D.B. and Mayo, S.L.",
      title = "Trading accuracy for speed: A quantitative comparison of search algorithms in protein sequence design",
      journal = "J. Mol. Biol.",
      volume = "299",
      year = "2000",
      number = "3",
      pages = "789-803"
}

@INPROCEEDINGS{ohsen:2003,
      author = "von Ohsen, N. and Sommer, I. and Zimmer, R.",
      title = "Profile-Profile alignment: a powerful tool for protein structure prediction",
      booktitle = "Proceedings of the Pacific Symposium on Biocomputing",
      volume = "8",
      year = "2003",
      address = "Lihue, USA",
      pages = "252-263"
}

@ARTICLE{wang:2003,
      author = "Wang, G. and Dunbrack, R.L.",
      title = "PISCES: a protein sequence culling server",
      journal = "Bioinformatics",
      volume = "19",
      year = "2003",
      number = "12",
      pages = "1589-1591"
}

@ARTICLE{wang:1998,
      author = "Wang, Z.X.",
      title = "A re-estimation for the total numbers of protein folds and super-families",
      journal = "Protein Eng.",
      volume = "11",
      number = "8",
      year = "1998",
      pages = "621-626"
}

@ARTICLE{wesson:1992,
      author = "Wesson, L. and Eisenberg, D.",
      title = "Atomic solvation parameters applied to molecular dynamics of proteins in solution",
      journal = "Protein Sci.",
      volume = "1",
      year = "1992",
      number = "2",
      pages = "227-235"
}

@ARTICLE{williams:1998,
      author = "Williams, D.E.",
      title = "Representation of the molecular electrostatic potential by atomic multi-pole and bond dipole models",
      journal = "J. Comput. Chem.",
      volume = "9",
      year = "1998",
      number = "7",
      pages = "745-763"
}

@ARTICLE{wu:2007,
      author = "Wu, S. and  Skolnick, J. and Zhang, Y.",
      title = "Ab initio modeling of small proteins by iterative TASSER simulations",
      journal = "BMC Biol.",
      volume = "5",
      year = "2007",
      number = "17",
      pages = "1-10"
}

@ARTICLE{xu:2009,
      author = "Xu, J. and  Peng, J. and Zhao, F.",
      title = "Template-based and free modeling by RAPTOR11 in CASP8",
      journal = "Proteins",
      volume = "77",
      year = "2009",
      number = "S9",
      pages = "133-137"
}

@ARTICLE{xu:2000,
      author = "Xu, Y. and Xu, D.",
      title = "Protein threading using PROSPECT: Design and evaluation",
      journal = "Proteins",
      volume = "40",
      year = "2000",
      number = "3",
      pages = "343-354"
}

@ARTICLE{xu:1998,
      author = "Xu, Y. and  Xu, D. and Uberbacher, E.C.",
      title = "An efficient computational method for globally optimal threading",
      journal = "J. Comput. Biol.",
      volume = "5",
      year = "1998",
      number = "3",
      pages = "597-614"
}

@ARTICLE{zhang:2007,
      author = "Zhang, Y.",
      title = "Template-based modeling and free modeling by I-TASSER in CASP7",
      journal = "Proteins",
      volume = "69",
      year = "2007",
      number = "8",
      pages = "108-117"
}

@ARTICLE{zhang:2008,
      author = "Zhang, Y. ",
      title = "I-TASSER server for protein 3D structure prediction",
      journal = "BMC Bioinf.",
      volume = "9",
      year = "2008",
      number = "40",
      pages = "1-8"
}

@ARTICLE{zhang:2009,
      author = "Zhang, Y.",
      title = "I-TASSER: Fully automated protein structure prediction in CASP8",
      journal = "Proteins",
      volume = "77",
      year = "2009",
      number = "S9",
      pages = "100-113"
}

@ARTICLE{zhang:2006,
      author = "Zhang, Y. and  Hubner, I. and  Arakaki, A. and  Shakhnovich, E. and Skolnick, J.",
      title = "On the origin and completeness of highly likely single domain protein structures",
      journal = "Proc. Natl. Acad. Sci. U. S. A.",
      volume = "103",
      year = "2006",
      number = "8",
      pages = "2605-2610"
}

@ARTICLE{zhang:2002,
      author = "Zhang, Y. and  Kihara, D. and Skolnick, J.",
      title = "Local energy landscape flattering: Parallel hyperbolic Monte Carlo sampling of protein folding",
      journal = "Proteins",
      volume = "48",
      year = "2002",
      pages = "192-201"
}

@ARTICLE{zhang:2004,
      author = "Zhang, Y. and Skolnick, J. ",
      title = "Scoring function for automated assessment of protein structure template quality",
      journal = "Proteins",
      volume = "57",
      number = "4",
      year = "2004",
      pages = "702-710"
}

@ARTICLE{zhang:2004B,
      author = "Zhang, Y. and Skolnick, J.",
      title = "Tertiary structure predictions on a comprehensive benchmark of medium to large size proteins",
      journal = "Biophys. J.",
      volume = "87",
      number = "4",
      year = "2004B",
      pages = "2647-2655"
}

@ARTICLE{zhang:2004C,
      author = "Zhang, Y. and Skolnick, J.",
      title = "Automated structure prediction of weakly homologous proteins on a genomic scale",
      journal = "Proc. Natl. Acad. Sci. U. S. A.",
      volume = "101",
      number = "20",
      year = "2004C",
      pages = "7594-7599"
}

@ARTICLE{zhang:2004D,
      author = "Zhang, Y. and Skolnick, J.",
      title = "SPICKER: a clustering approach to identify near-native protein folds",
      journal = "J. Comput. Chem.",
      volume = "25",
      number = "6",
      year = "2004D",
      pages = "20-22"
}

@ARTICLE{zhou:2009,
      author = "Zhou, H. and Skolnick, J.",
      title = "Protein structure prediction by Pro-Sp3-TASSER",
      journal = "Biophys. J.",
      volume = "96",
      year = "2009",
      number = "6",
      pages = "2119-2127"
}

@ARTICLE{zhu:1997,
      author = "Zhu, C. and  Byrd, R. H. and  Lu, P. and Nocedal, J.",
      title = "Algorithm 778: L-BFGS-B: Fortran subroutines for large scale bound constrained optimization",
      journal = "ACM Trans. Math. Software",
      volume = "23",
      year = "1997",
      pages = "550-560"
}

@ARTICLE{zwanzig:1991,
      author = "Zwanzig, R. and  Szabo, A. and  Bagchi, B.",
      title = "Levinthal's paradox",
      journal = "Proc. Natl. Acad. Sci. U. S. A.",
      volume = "89",
      year = "1991",
      pages = "20-22"
}

@ARTICLE{ponder:1987,
      author = "Ponder, J.W. and Richards, F.M.",
      title = "An efficient Newton-like method for molecular mechanics energy minimization of large molecules",
      journal = "J. Comput. Chem.",
      volume = "8",
      year = "1987",
      number = "7",
      pages = "1016-1024"
}

@ARTICLE{procacci:1997,
      author = "Procacci, P. and  Paci, E. and  Darden, T. and  Marchi, M.",
      title = "ORAC: A molecular dynamics program to simulate complex molecular systems with realistic electrostatic interactions",
      journal = "J. Comput. Chem.",
      volume = "18",
      year = "1997",
      number = "15",
      pages = "1848-1862"
}

@ARTICLE{qiu:1997,
      author = "Qiu, D. and  Shenkin, P.S. and  Hollinger, F.P. and Still, W.C.",
      title = "The GB/SA continuum model for solvation. A fast analytical method for the calculation of approximate Born radii",
      journal = "J. Phys. Chem. A",
      volume = "101",
      year = "1997",
      pages = "3005-3014"
}

@ARTICLE{rackovsky:2010,
      author = "Rackovsky, S.",
      title = "Global characteristics of protein sequences and their implications",
      journal = "Proc. Natl. Acad. Sci. U. S. A.",
      volume = "107",
      year = "2010",
      number = "19",
      pages = "8623-8626"
}

@ARTICLE{ramachandran:1968,
      author = "Ramachandran, G.N. and Sasisekharan, V.",
      title = "Conformation of polypeptides and proteins",
      journal = "Adv. Protein Chem.",
      volume = "23",
      year = "1968",
      pages = "238-438"
}

@ARTICLE{refson:2000,
      author = "Refson, K.",
      title = "Moldy: a portable molecular dynamics simulation program for serial and parallel computers",
      journal = "Comput. Phys. Commun.",
      volume = "126",
      number = "3",
      year = "2000",
      pages = "310-329"
}

@ARTICLE{richards:1977,
      author = "Richards, F.M.",
      title = "Areas, volumes, packing and protein structure",
      journal = "Annu. Rev. Biophys. Bioeng.",
      volume = "6",
      year = "1977",
      pages = "151-176"
}

@ARTICLE{richards:1988,
      author = "Richards, F.M. and  Kundrot, C.E.",
      title = "Identification of structural motifs from protein coordinate data: secondary structure and first level super-secondary structure",
      journal = "Proteins",
      volume = "3",
      year = "1988",
      number = "2",
      pages = "71-84"
}

@ARTICLE{rose:1993,
      author = "Rose, G.D. and  Wolfenden, R.",
      title = "Hydrogen bonding, hydrophobicity, packing and protein folding",
      journal = "Annu. Rev. Biophys. Biomol. Struct.",
      volume = "22",
      year = "1993",
      pages = "381-415"
}

@ARTICLE{rost:1995b,
      author = "Rost, B.",
      title = "TOPITS: Threading one-dimensional predictions into three-dimensional structures",
      journal = "Proc. Int. Conf. Intell. Syst. Mol. Biol.",
      volume = "3",
      year = "1995b",
      pages = "314-321"
}

@ARTICLE{russel:1994,
      author = "Russell, R.B. and Barton, G.J.",
      title = "Structural features can be unconserved in proteins with similar folds. An analysis of side-chain to side-chain contacts secondary structure and accessibility",
      journal = "J. Mol. Biol.",
      volume = "244",
      number = "3",
      year = "1994",
      pages = "332-350"
}

@ARTICLE{rychlewski:2000,
      author = "Rychlewski, L. and  Jaroszewski, L. and  Li,W. and Godzik,A.",
      title = "Comparison of sequence profiles. Strategies for structural predictions using sequence information",
      journal = "Protein Sci.",
      volume = "9",
      number = "2",
      year = "2000",
      pages = "232-241"
}

@ARTICLE{sali:1995,
      author = "Sali, A.",
      title = "Modelling mutations and homologous proteins",
      journal = "Curr. Opin. Biotechnol.",
      volume = "6",
      year = "1995",
      number = "4",
      pages = "437-451"
}

@ARTICLE{sali:1993,
      author = "Sali, A. and Blundell, T.L.",
      title = "Comparative protein modeling by satisfaction of spatial restraints",
      journal = "J. Mol. Biol.",
      volume = "234",
      number = "3",
      year = "1993",
      pages = "779-815"
}

@ARTICLE{sanchez:1997,
      author = "S\'anchez, R. and  Sali, A.",
      title = "Advances in comparative protein-structure modeling",
      journal = "Curr. Opin. Struct. Biol.",
      volume = "7",
      number = "2",
      year = "1997",
      pages = "206-214"
}

@ARTICLE{schueler-furman:2005,
      author = "Schueler-Furman, O. and  Wang, C. and  Bradley, P. and  Misura, K. and Baker, D.",
      title = "Progress in modeling of protein structures and interactions",
      journal = "Science",
      volume = "310",
      number = "5748",
      year = "2005",
      pages = "638-642"
}

@ARTICLE{schug:2005,
      author = "Schug, A. and  Herges, T. and  Verma, A. and Wenzel, W.",
      title = "Investigation of the parallel tempering method for protein folding",
      journal = "J. Phys.: Condens. Matter",
      volume = "17",
      year = "2005",
      pages = "1641-1650"
}

@ARTICLE{schwede:2003,
      author = "Schwede, T. and  Kopp, J. and  Guex, N. and  Peitsch, M.C.",
      title = "SWISS-MODEL: An automated protein homology-modeling server",
      journal = "Nucleic Acids Res.",
      volume = "31",
      number = "13",
      year = "2003",
      pages = "3381-3385"
}

@ARTICLE{scott:1999,
      author = "Scott, W.R.P. and  Hunenberger, P.H. and   Tironi, I.G. and   Mark, A.E. and  Billeter, S.R. and  Fennen, J. and  Torda, A.E. and  Huber, T. and  Kruger, P. and  van Gunsteren, W.F.",
      title = "The GROMOS biomolecular simulation program package",
      journal = "J. Phys. Chem. A",
      volume = "103",
      number = "19",
      year = "1999",
      pages = "3596-3607"
}

@ARTICLE{selezenev:2003,
      author = "Selezenev, A.A. and  Aleynikov, A.Y. and  Gantchuk, N.S. and  Yermakov, P.V. and  Labanowski, J.K. and Korkin, A.A.",
      title = "SAGE MD: molecular-dynamic software package to study properties of materials with different models for interatomic interactions",
      journal = "Comput. Mater. Sci.",
      volume = "28",
      number = "2",
      year = "2003",
      pages = "107-124"
}

@ARTICLE{shi:2001,
      author = "Shi, J. and  Blundell, T.L. and Mizuguchi, K.",
      title = "FUGUE: Sequence-structure homology recognition using environment-specific substitution tables and structure-dependent gap penalties",
      journal = "J. Mol. Biol.",
      volume = "310",
      year = "2001",
      number = "1",
      pages = "243-257"
}

@ARTICLE{shindyalov:1998,
      author = "Shindyalov, I.N. and Bourne, P.E.",
      title = "Protein structure alignment by incremental combinatorial extension CE of the optimal path",
      journal = "Protein Eng.",
      volume = "11",
      number = "9",
      year = "1998",
      pages = "739-747"
}

@ARTICLE{simons:1999B,
      author = "Simons, K.T. and  Bonneau, R. and  Ruczinski, I. and Baker, D.",
      title = "Ab initio protein structure prediction of CASP III targets using ROSETTA",
      journal = "Proteins",
      volume = "3",
      year = "1999B",
      number = "3",
      pages = "171-176"
}

@ARTICLE{simons:1999,
      author = "Simons, K.T. and  Ruczinki, I. and  Kooperberg, C. and  Fox, B.A. and  Bystroff, C. and Baker, D.",
      title = "Improved recognition of native-like structures using a combination of sequence-dependent and sequence-independent features of proteins",
      journal = "Proteins: Struct., Funct., Bioinf.",
      volume = "34",
      number = "1",
      year = "1999",
      pages = "82-95"
}

@ARTICLE{simons:1997,
      author = "Simons, K.T. and  Kooperberg, C. and  Huang, E. and Baker, D.",
      title = "Assembly of protein tertiary structures from fragments with similar local sequences using simulated anneling and Bayesian score functions",
      journal = "J. Mol. Biol.",
      volume = "268",
      year = "1997",
      number = "1",
      pages = "209-225"
}

@ARTICLE{sippl:1995,
      author = "Sippl, M.J.",
      title = "Knowledge-based potentials for proteins",
      journal = "Curr. Opin. Struct. Biol.",
      volume = "5",
      year = "1995",
      number = "2",
      pages = "229-235"
}

@ARTICLE{sippl:1992,
      author = "Sippl, M.J. and  Hendlich, M. and Lackner, P.",
      title = "Assembly of polypeptide and protein backbone conformations from low energy ensembles of short fragments: development of strategies and construction of models for myoglobin, lysozyme, and thymosin beta 4",
      journal = "Protein Sci.",
      volume = "1",
      year = "1992",
      pages = "625-640"
}

@ARTICLE{smith:2005,
      author = "Smith, J.E.",
      title = "The co-evolution of memetic algorithms for protein structure prediction",
      journal = "Stud. Fuzziness Soft Comput.",
      volume = "166",
      year = "2005",
      pages = "105-128"
}

@ARTICLE{smith:1999,
      author = "Smith, T.F.",
      title = "The art of matchmaking: sequence alignment methods and their structural implications",
      journal = "Structure",
      volume = "7",
      number = "1",
      year = "1999",
      pages = "R7-R12"
}

@ARTICLE{smith:1997,
      author = "Smith, T.F. and  Lo Conte, L. and  Bienkowska, J. and  Gaitatzes, C. and  Rogers, R.G. Jr. and Lathrop, R.",
      title = "Current limitations to protein threading approaches",
      journal = "J. Comput. Biol.",
      volume = "4",
      number = "3",
      year = "1997",
      pages = "217-225"
}

@ARTICLE{smith:1996,
      author = "Smith, W. and Forester, T.R.",
      title = "DL POLY 2.0: A general-purpose parallel molecular dynamics simulation package",
      journal = "J. Mol. Graphics",
      volume = "14",
      number = "3",
      year = "1996",
      pages = "136-141"
}

@ARTICLE{smith:2002,
      author = "Smith, W. and  Yong, C.W. and Rodger, P.M.",
      title = "DL POLY: application to molecular simulation",
      journal = "Mol. Simul.",
      volume = "28",
      year = "2002",
      number = "5",
      pages = "385-471"
}

@ARTICLE{Soding:2005,
      author = "Soding, J.",
      title = "Protein homology detection by HMM-HMM comparison",
      journal = "Bioinformatics",
      volume = "21",
      number = "7",
      year = "2005",
      pages = "951-960"
}

@ARTICLE{Soler:2001,
      author = "Soler, J.M. and  Artacho, E. and  Gale, J.D. and  Garc\'ia, Junquera and  J., Ordej\'on and S\'anchez-Portal, D.",
      title = "Levinthal's paradox",
      journal = "J. Phys.: Condens. Matter",
      volume = "14",
      year = "2001",
      pages = "2745-2779"
}

@ARTICLE{srinivasan:1995,
      author = "Srinivasan, R. and  Rose, G.D.",
      title = "LINUS - A hierarchic procedure to predict the fold of a protein",
      journal = "Proteins",
      volume = "22",
      year = "1995",
      number = "2",
      pages = "81-99"
}

@ARTICLE{srinivasan:2002,
      author = "Srinivasan, R. and  Rose, G.D.",
      title = "Ab initio prediction of protein structure using LINUS",
      journal = "Proteins",
      volume = "47",
      number = "4",
      year = "2002",
      pages = "489-495"
}

@ARTICLE{srinivasan:1993,
      author = "Srinivasan, S. and  March, C.J. and  Sudarsanam, S.",
      title = "An automated method for modeling proteins on known templates using distance geometry",
      journal = "Protein Sci.",
      volume = "2",
      number = "2",
      year = "1993",
      pages = "227-289"
}

@ARTICLE{stadler:1997,
      author = "Stadler, J. and  Mikulla, R. and Trebin, H.R.",
      title = "IMD: A software package for molecular dynamics studies on parallel computers",
      journal = "Int. J. Mod. Phys. C",
      volume = "8",
      number = "5",
      year = "1997",
      pages = "1131-1140"
}

@ARTICLE{still:1990,
      author = "Still, W.C. and  Tempczyk, A. and  Hawley, R.C. and Hendrickson, T.",
      title = "Semi-analytical treatment of solvation for molecular mechanics and dynamics",
      journal = "J. Am. Chem. Soc.",
      volume = "112",
      year = "1990",
      number = "16",
      pages = "6127-6129"
}

@ARTICLE{sun:1995,
      author = "Sun, S.",
      title = "A genetic algorithm that seeks native states of peptides and proteins",
      journal = "Biophys. J.",
      volume = "69",
      year = "1995",
      number = "2",
      pages = "340-355"
}

@ARTICLE{swedsen:1986,
      author = "Swendsen, R. and Wang, J.",
      title = "Replica Monte Carlo simulation of spin glasses",
      journal = "Phys. Rev. Lett.",
      volume = "57",
      year = "1986",
      number = "21",
      pages = "2607-2609"
}

@ARTICLE{taylor:1988,
      author = "Taylor, W.R.",
      title = "A flexible method to align large numbers of biological sequences",
      journal = "J. Mol. Evol.",
      volume = "28",
      year = "1988",
      number = "1-2",
      pages = "161-169"
}

@ARTICLE{Taylor:1996,
      author = "Taylor, W.R.",
      title = "Multiple protein sequence alignment: algorithms and gap insertion",
      journal = "Methods Enzymol.",
      volume = "266",
      year = "1996",
      pages = "343-367"
}

@ARTICLE{thachuk:2007,
      author = "Thachuk, C. and  Shmygelska, A. and Hoos, H.H.",
      title = "A replica exchange Monte Carlo algorithm for protein folding in the HP model",
      journal = "BMC Bioinf.",
      volume = "8",
      year = "2007",
      pages = "20-22"
}

@ARTICLE{thompson:1994,
      author = "Thompson, J. and  Higgins, D.G. and Gibson, T.J.",
      title = "CLUSTAL W: improving the sensitivity of progressive multiple sequence alignment through sequence weighting,position-specific gap penalties and weight matrix choice",
      journal = "Nucleic Acids Res.",
      volume = "22",
      number = "22",
      year = "1994",
      pages = "4673-4680"
}

@ARTICLE{tral:2007,
      author = "Thukral, L. and  Shenoy, S.R. and  Bhushan, K. and Jayaram, B.",
      title = "ProRegIn: A regularity index for the selection of native-like tertiary structures of proteins",
      journal = "J. Biosci.",
      volume = "32",
      year = "2007",
      number = "1",
      pages = "71-81"
}

@ARTICLE{toukmaji:1996,
      author = "Toukmaji, A.Y. and Board, J.A. Jr.",
      title = "Ewald summation techniques in perspective: a survey",
      journal = "Comput. Phys. Commun.",
      volume = "95",
      year = "1996",
      number = "2",
      pages = "73-92"
}

@ARTICLE{tuckerman:2000,
      author = "Tuckerman, M.E. and  Yarne, D.A. and  Samuelson, S.O. and  Hughes, A.L. and Martyna, G.J.",
      title = "Exploiting multiple levels of parallelism in Molecular Dynamics based calculations via modern techniques and software paradigms on distributed memory computers",
      journal = "Comput. Phys. Commun.",
      volume = "128",
      year = "2000",
      number = "1-2",
      pages = "333-376"
}

@ARTICLE{tuffery:1991,
      author = "Tuffery, P. and  Etchebest, C. and  Hazout, S. and Lavery, R.",
      title = "A new approach to the rapid determination of protein sidechain conformations",
      journal = "J. Biomol. Struct. Dyn.",
      volume = "8",
      year = "1991",
      number = "6",
      pages = "1267-1289"
}

@ARTICLE{turcotte:2001,
      author = "Turcotte, M. and  Muggleton, S.H. and Sternberg, M.J.E.",
      title = "Automated discovery of structural signatures of protein fold and function",
      journal = "J. Mol. Biol.",
      volume = "306",
      year = "2001",
      pages = "591-605"
}

@ARTICLE{turcotte:2001b,
      author = "Turcotte, M. and  Muggleton, S.H. and Sternberg, M.J.E.",
      title = "The effect of relational background knowledge on learning of protein three-dimensional fold signatures",
      journal = "Machine Learning",
      volume = "43",
      number = "1-2",
      year = "2001B",
      pages = "81-96"
}

@ARTICLE{turcotte:2001c,
      author = "Turcotte, M. and  Muggleton, S.H. and Sternberg, M.J.E.",
      title = "Generating protein three-dimensional fold signatures using inductive logic programming",
      journal = "Comput. Chem.",
      volume = "26",
      year = "2001C",
      pages = "57-64"
}


@ARTICLE{spoel:1998,
      author = "van der Spoel, D.",
      title = "The solution conformation of amino acids from molecular dynamics simulations of Gly-X-Gly peptides: comparison with NMR parameters",
      journal = "Biochem. Cell Biol",
      volume = "76",
      number = "2-3",
      year = "1998",
      pages = "164-170"
}

@ARTICLE{spoel:1997,
      author = "van der Spoel, D. and Berendsen, H.J.C.",
      title = "Molecular dynamics simulations of Leu-Enkephalin in water and DMSO",
      journal = "Biophys. J.",
      volume = "72",
      number = "5",
      year = "1997",
      pages = "2032-2041"
}

@ARTICLE{spoel:2005,
      author = "van der Spoel, D. and  Lindahl, E. and  Hess, B. and  Groenhof, G. and  Mark, A.E. and  Berendsen, H.J.",
      title = "GROMACS: fast, flexible, and free",
      journal = "J. Comput. Chem.",
      volume = "26",
      year = "2005",
      number = "16",
      pages = "1701-1718"
}

@ARTICLE{spoelB:1996,
      author = "van der Spoel, D. and  van Buuren, A.R. and  Tieleman, D.P. and Berendsen, H.J.C.",
      title = "Molecular dynamics simulations of peptides from BPTI: A closer look at amide-aromatic interactions",
      journal = "J. Biomol. NMR",
      volume = "8",
      number = "3",
      year = "1996",
      pages = "229-238"
}

@ARTICLE{spoel:1996,
      author = "van der Spoel, D. and  Vogel, H.J. and Berendsen, H.J.C.",
      title = "Molecular dynamics simulations of N-terminal peptides from a nucleotide binding protein",
      journal = "Proteins",
      volume = "24",
      year = "1996",
      number = "4",
      pages = "450-466"
}

@ARTICLE{sadreyev:2003,
      author = "Sadreyev, R. and Grishin, N.",
      title = "COMPASS: A tool for comparison of multiple protein alignments with assessment of statistical significance",
      journal = "J. Mol. Biol.",
      volume = "326",
      year = "2003",
      number = "1",
      pages = "317-336"
}

@ARTICLE{saitou:1987,
      author = "Saitou, N. and Nei, M.",
      title = "The neighbor-joining method: a new method for reconstructing phylogenetic trees",
      journal = "Mol. Biol. Evol.",
      volume = "4",
      number = "4",
      year = "1987",
      pages = "406-425"
}

@ARTICLE{rohl:2004,
      author = "Rohl, C.A. and  Strauss, C.E. and  Misura, K.M.S. and Baker, D.",
      title = "Protein structure prediction using Rosetta",
      journal = "Methods Enzymol.",
      volume = "383",
      year = "2004",
      number = "2",
      pages = "66-93"
}

@ARTICLE{rose:1979,
      author = "Rose, G.D.",
      title = "Hierarchic organization of domains in globular proteins",
      journal = "J. Mol. Biol.",
      volume = "134",
      year = "1979",
      number = "3",
      pages = "447-470"
}

@ARTICLE{pauling:1951,
      author = "Pauling, L. and Corey, R.B.",
      title = "The pleated sheet, a new layer configuration of polypeptide chains",
      journal = "Proc. Natl. Acad. Sci. U. S. A.",
      volume = "37",
      number = "5",
      year = "1951",
      pages = "251-256"
}

@ARTICLE{paulingB:1951,
      author = "Pauling, L. and  Corey, R.B. and Branson, H.R.",
      title = "The structure of proteins: two hydrogen-bonded helical configurations of the polypeptide chain",
      journal = "Proc. Natl. Acad. Sci. U. S. A.",
      volume = "37",
      year = "1951",
      number = "4",
      pages = "205-211"
}

@ARTICLE{pearlman:1995,
      author = "Pearlman, D.A. and  Case, D.A. and  Caldwell, J.W. and  Ross, W.S. and  Cheatham, T.E. III and  DeBolt, S. and  Ferguson, D. and  Seibel, G. and Kollman, P.",
      title = "AMBER, a package of computer programs for applying molecular mechanics, normal mode analysis, molecular dynamics and free energy calculations to simulate the structural and energetic properties of molecules",
      journal = "Comput. Phys. Commun.",
      volume = "91",
      year = "1995",
      number = "1-3",
      pages = "1-41"
}

@ARTICLE{pearson:1988,
      author = "Pearson, W.R. and Lipman, D.J.",
      title = "Improved tools for biological sequence comparison",
      journal = "Proc. Natl. Acad. Sci. U. S. A.",
      volume = "85",
      year = "1988",
      number = "8",
      pages = "2444-2448"
}

@ARTICLE{peitsch:1996,
      author = "Peitsch, M.C.",
      title = "ProdMod and Swiss-Model: Internet-based tools for automated comparative protein modeling",
      journal = "Biochem. Soc. Trans.",
      volume = "24",
      year = "1996",
      number = "1",
      pages = "274-279"
}

@ARTICLE{peitsch:1993,
      author = "Peitsch, M.C. and Jongeneel, C.V.",
      title = "A 3-D model for the CD40 ligand predicts that it is a compact trimer similar to the tumor necrosis factors",
      journal = "Int. Immunol.",
      volume = "5",
      number = "2",
      year = "1993",
      pages = "233-238"
}

@ARTICLE{phillips:2005,
      author = "Phillips, J.C. and  Braun, R. and  Wang, W. and  Gumbart, J. and  Tajkhorshid, E. and  Villa, E. and  Chipot, C. and  Skeel, R. D. and  Kal\'e, L. and  Schulten, K.",
      title = "Scalable molecular dynamics with NAMD",
      journal = "J. Comput. Chem.",
      volume = "26",
      number = "16",
      year = "2005",
      pages = "1781-1802"
}

@ARTICLE{plimpton:1995,
      author = "Plimpton, S.",
      title = "Fast parallel algorithms for short-range molecular dynamics",
      journal = "J. Comput. Phys.",
      volume = "117",
      year = "1995",
      pages = "1-19"
}

@ARTICLE{pokala:2000,
      author = "Pokala, N. and Handel, T.M.",
      title = "Review: protein design - where we were, where we are, where we're going",
      journal = "J. Struct. Biol.",
      volume = "134",
      year = "2000",
      number = "2-3",
      pages = "269-281"
}

@ARTICLE{pokarowski:2003,
      author = "Pokarowski, P. and  Kolinski, A. and Skolnickz, J.",
      title = "A minimal physically realistic protein-like lattice model: Designing an energy landscape that ensures all-or-none folding to a unique native state",
      journal = "Biophys. J.",
      volume = "84",
      year = "2003",
      number = "3",
      pages = "1518-1526"
}


@ARTICLE{Hubbard:1999,
      author = "Lo Conte, L. and  Ailey, B. and  Hubbard, T.J.P. and  Brenner, S.E. and  Murzin, A.G. and Chothia, C.",
      title = "SCOP: a structural classification of protein database",
      journal = "Nucleic Acids Res.",
      volume = "28",
      year = "1999",
      number = "1",
      pages = "257-259"
}


@ARTICLE{lyubartsev:2000,
      author = "Lyubartsev, A.P. and Laaksonen, A.",
      title = "M.DynaMix - a scalable portable parallel MD simulation package for arbitrary molecular mixtures",
      journal = "Comput. Phys. Commun.",
      volume = "128",
      year = "2000",
      pages = "565-589"
}

@ARTICLE{martin:1999,
      author = "Martin, M.G. and Siepmann, J.I.",
      title = "Novel configurational-bias Monte Carlo method for branched molecules. Transferable potentials for phase equilibria. 2. united-atom description of branched alkanes",
      journal = "J. Phys. Chem. B",
      volume = "103",
      number = "21",
      year = "1999",
      pages = "4508-4517"
}

@ARTICLE{martinez:2009,
      author = "Mart\'inez, L. and  Andrade, R. and  Birgin, E.G. and Mart\'inez, J.M.",
      title = "PACKMOL: A package for building initial configurations for molecular dynamics simulations",
      journal = "J. Comput. Chem.",
      volume = "30",
      number = "13",
      year = "2009",
      pages = "2157-2164"
}

@ARTICLE{mcLachlan:1992,
	author = "McLachlan, A.D.",
	title = "Rapid comparison of protein structures",
	journal = "Acta Crystallogr.",
	volume = "A38",
	year = "1992",
	pages = "871-873"
}

@ARTICLE{meinke:2008,
	author = "Meinke, J.H. and  Mohanty, S. and  Eisenmenger, F. and Hansmann, U.H.E.",
	title = "SMMP v. 3.0 - Simulating proteins and protein interactions in Python and Fortran",
	journal = "Comput. Phys. Commun.",
	volume = "178",
	number = "6",
	year = "2008",
	pages = "459-470"
}

@ARTICLE{mohanty:1999,
	author = "Mohanty, D. and  Dominy, B.N. and  Kolinski, A. and  Brooks, C.L. and  Skolnick, J.",
	title = "Correlation between knowledge-based and detailed atomic potentials: application to the unfolding of the GCN4 leucine zipper",
	journal = "Proteins",
	volume = "35",
	number = "4",
	year = "1999",
	pages = "447-452"
}


@ARTICLE{momany:1975,
	author = "Momany, F.A. and  McGuire, R.F. and  Burgess, A.W. and Scheraga, H.A",
	title = "Energy parameters in polypeptides VII, geometric parameters, partial charges, non-bonded interactions, hydrogen bond interactions and intrinsic torsional 	potentials for naturally occurring amino acids",
	journal = "J. Phys. Chem.",
	volume = "79",
	number = "22",
	year = "1975",
	pages = "2361-2381"
}

@ARTICLE{moult:2005,
	author = "Moult, J. A.",
	title = "Decade of CASP: progress, bottlenecks an prognosis in protein structure prediction",
	journal = "Curr. Opin. Struct. Biol.",
	volume = "15",
	number = "3",
	year = "2005",
	pages = "285-289"
}

@ARTICLE{mosimann:1995,
	author = "Mosimann, S. and Meleshko, R. and James, M.N.",
	title = "A critical assessment of comparative molecular modeling of tertiary structures of proteins",
	journal = "Proteins",
	volume = "23",
	year = "1995",
	number = "3",
	pages = "301-317"
}

@ARTICLE{murzin:1995,
	author = "Murzin, A. G. and  Brenner, S. E. and  Hubbard, T. and Cothia, C.",
	title = "SCOP: A structural classification of proteins database for the investigation of sequences and structures",
	journal = "J. Mol. Biol.",
	volume = "247",
	year = "1995",
	number = "4",
	pages = "536-540"
}

@ARTICLE{notredame:2000,
	author = "Notredame, C. and  Higgins, D.G. and Heringal, J. ",
	title = "T-Coffee: a novel method for fast and accurate multiple sequence alignment",
	journal = "J. Mol. Biol.",
	volume = "302",
	year = "2000",
	number = "1",
	pages = "205-217"
}

@ARTICLE{notredame:1998,
	author = "Notredame, C. and  Holm, L. and Higgins, D.G.",
	title = "COFFEE: an objective function for multiple sequence alignments",
	journal = "Bioinformatics",
	volume = "14",
	year = "1998",
	number = "5",
	pages = "407-422"
}

@ARTICLE{tooler:1960,
	author = "O'Toole, J.T. and Dahler, J.S.",
	title = "Boltzmann equation and inverse collisions",
	journal = "J. Chem. Phys.",
	volume = "33",
	year = "1960",
	number = "5",
	pages = "1487-1495"
}

@ARTICLE{pappu:1998,
	author = "Pappu, R.V. and  Hart, R.K. and Ponder, J.W.",
	title = "Analysis and application of potential energy smoothing and search methods for global optimization",
	journal = "J. Phys. Chem. B",
	volume = "102",
	number = "48",
	year = "1998",
	pages = "9725-9742"
}

@ARTICLE{park:1997,
	author = "Park, B.H. and  Huang, E.S. and Levitt, M.",
	title = "Factors affecting the ability of energy functions to discriminate correct from incorrect folds",
	journal = "J. Mol. Biol.",
	volume = "266",
	number = "4",
	year = "1997",
	pages = "831-846"
}

@ARTICLE{park:2005,
	author = "Park, S.",
	title = "A study of fragment-based protein structure prediction: biased fragment replacement for searching low-energy conformation",
	journal = "Genome Inf.",
	volume = "16",
	number = "2",
	year = "2005",
	pages = "104-113"
}

@ARTICLE{onufriev:2002,
	author = "Onufriev, A. and  Bashford, D. and Case, D.A.",
	title = "Effective Born radii in the generalized Born approximation: The importance of being perfect",
	journal = "J. Comput. Chem.",
	volume = "23",
	year = "2002",
	number = "14",
	pages = "1297-1304"
}

@ARTICLE{ooi:1987,
	author = "Ooi, T. and  Oobatake, M. and  Nemethy, G. and  Scheraga, H.A.",
	title = "Accessible surface areas as a measure of the thermodynamic parameters of hydration of peptides",
	journal = "Proc. Natl. Acad. Sci. U. S. A.",
	volume = "84",
	number = "10",
	year = "1987",
	pages = "3086-3090"
}

@ARTICLE{orengo:1997,
	author = "Orengo, C.A. and  Michie, A.D. and  Jones, S. and  Jones, D.T. and  Swindells, M.B. and Thornton, J.M.",
	title = "CATH - a hierarchic classification of protein domain structures",
	journal = "Structure",
	volume = "5",
	number = "8",
	year = "1997",
	pages = "1093-1108"
}

@ARTICLE{orengo:1999,
	author = "Orengo, C.A. and  Pearl, F.M.G. and  Bray, J.E. and  Todd, A.E. and  Martin, A.C. and  Lo Conte, L.  and Thornton, J.M.",
	title = "The CATH database provides insights into protein structure function relationship",
	journal = "Nucleic Acids Res.",
	volume = "27",
	year = "1999",
	number = "1",
	pages = "275-279"
}

@ARTICLE{osguthorpe:2000,
	author = "Osguthorpe, D.J.",
	title = "Ab initio protein folding",
	journal = "Curr. Opin. Struct. Biol.",
	volume = "10",
	year = "2000",
	number = "2",
	pages = "146-152"
}

@ARTICLE{ota:1997,
author = "Ota, M. and Nishikawa, K.",
title = "Assessment of pseudo-energy potentials by the best-five test: A new use of the three-dimensional profiles of proteins",
journal = "Protein Eng.",
volume = "10",
year = "1997",
number = "4",
pages = "339-351"
}

@ARTICLE{ouzounis:1993,
	author = "Ouzounis, C. and  Sander, C. and  Scharf, M. and Schneider, R.",
	title = "Prediction of protein structure by evaluation of sequence structure fitness aligning sequences to contact profiles derived from three-dimensional structures",
	journal = "J. Mol. Biol.",
	volume = "232",
	year = "1993",
	number = "3",
	pages = "805-825"
}

@ARTICLE{narang:2005,
	author = "Narang, P. and  Bhushan, K. and  Bose, S. and Jayaram, B",
	title = "A computational pathway for bracketing native-like structures for small alpha helical globular proteins",
	journal = "Phys. Chem. Chem. Phys.",
	volume = "7",
	year = "2005",
	number = "11",
	pages = "2364-2375"
}

@ARTICLE{narang:2006,
	author = "Narang, P. and  Bhushan, K. and  Bose, S. and Jayaram, B.",
	title = "Protein structure evaluation using an all-atom energy based empirical scoring function",
	journal = "J. Biomol. Struct. Dyn.",
	volume = "23",
	year = "2006",
	number = "4",
	pages = "385-406"
}

@ARTICLE{neumaier:1997,
	author = "Neumaier, A.",
	title = "Molecular modeling of proteins and mathematical prediction of protein structure",
	journal = "SIAM Rev.",
	volume = "39",
	year = "1997",
	pages = "407-460"
}

@ARTICLE{mackerell:2004,
	author = "Mackerell Jr., A.D.",
	title = "Empirical force fields for biological macromolecules: overview and issues",
	journal = "J. Comput. Chem.",
	volume = "25",
	year = "2004",
	number = "13",
	pages = "1584-1604"
}

@ARTICLE{macKerell:1998,
	author = "Field, M. J. and Fischer, S. and Gao, J. and Guo, H. and Ha, S. and Joseph-McCarthy, D. and Kuchnir, L. and Kuczera, K. and Lau, F. T. K. and Mattos, C. and Michnick, S. and Ngo, T. and Nguyen, D. T. and Prodhom, B. and Reiher, III, W. E. and Roux, B. and Schlenkrich, M. and Smith, J. C. and Stote, R. and Straub, J. and Watanabe, M. and Wiorkiewicz-Kuczera, J. and Yin, D. and Karplus, M.",
	title = "All-atom empirical potential for molecular modeling and dynamics studies of proteins",
	journal = "J. Phys. Chem.",
	volume = "102",
	number = "18",
	year = "1998",
	pages = "3586-3616"
}

@ARTICLE{madhusudhan:2006,
	author = "Madhusudhan, M.S. and  Mart\'{\i}-Renom, M.A. and  Sanchez, R. and Sali, A.",
	title = "Variable gap penalty for protein sequence-structure alignment",
	journal = "Protein Eng. Des. Sel.",
	volume = "19",
	number = "3",
	year = "2006",
	pages = "129-133"
}

@ARTICLE{marelius:1999,
	author = "Marelius, J. and  Kolmodin, K. and  Feierberg, I. and Avist, J.Q.",
	title = "Q: An MD program for free energy calculations and empirical valence bond simulations in biomolecular systems",
	journal = "J. Mol. Graphics Modell.",
	volume = "16",
	number = "4-6",
	year = "1999",
	pages = "213-225"
}

@ARTICLE{marsilia:2010,
	author = "Marsili, S. and  Signorini, G.F. and  Chelli, R. and  Marchi, M. and Procacci, P.",
	title = "Orac: A molecular dynamics simulation program to explore free energy surfaces in biomolecular systems at the atomistic level",
	journal = "J. Comput. Chem.",
	volume = "31",
	number = "5",
	year = "2010",
	pages = "1106-1116"
}

@ARTICLE{marti-renom:2004,
	author = "Mart\'i-Renom, M.A. and  Madhusudhan, M.S. and Sali, A.",
	title = "Alignment of protein sequences by their profiles",
	journal = "Protein Sci.",
	volume = "13",
	number = "4",
	year = "2004",
	pages = "1071-1087"
}

@ARTICLE{marti-renom:2000,
	author = "Mart\'{\i}-Renom, M.A. and  Stuart, A. and  Fiser, A. and  Sanchez, A. and  Mello, F. and Sali, A.",
	title = "Comparative protein structure modeling of genes and genomes",
	journal = "Annu. Rev. Biophys. Biomol. Struct.",
	volume = "29",
	number = "16",
	year = "2000",
	pages = "291-325"
}

@ARTICLE{martin:1995,
	author = "Martin, A.C.R. and  MacArthur, M.W. and Thornton, J.M.",
	title = "Assessment of comparative modeling in CASP2",
	journal = "Proteins",
	volume = "29",
	year = "1995",
	number = "S1",
	pages = "14-28"
}

@ARTICLE{levitt:1992,
	author = "Levitt, M.",
	title = "Accurate modeling of protein conformation by automatic segment matching",
	journal = "J. Mol. Biol.",
	volume = "226",
	year = "1992",
	pages = "507-533"
}

@ARTICLE{levitt:1976,
	author = "Levitt, M. and Chothia, C.",
	title = "Structural patterns in globular proteins",
	journal = "Nature",
	volume = "261",
	number = "5561",
	year = "1976",
	pages = "552-558"
}

@ARTICLE{li:1996,
	author = "Li, H. and  Helling, R. and  Tang, C. and Wingreen, N.",
	title = "Emergence of preferred structures in a simple model of protein folding",
	journal = "Science",
	volume = "273",
	number = "5275",
	year = "1996",
	pages = "666-669"
}

@ARTICLE{li:2008,
	author = "Li, S. C. and  Bu, D. and  Xu, J. and Li, M.",
	title = "Fragment-HMM: a new approach to protein structure prediction",
	journal = "Proteins",
	volume = "17",
	number = "11",
	year = "2008",
	pages = "1925-1934"
}

@ARTICLE{limbach:2006,
	author = "Limbach, H.J. and  Arnold, A. and  Mann, B.A. and Holm, C.",
	title = "ESPResSo: an extensible simulation package for research on soft matter systems",
	journal = "Comput. Phys. Commun.",
	volume = "174",
	number = "9",
	year = "2006",
	pages = "704-727"
}

@ARTICLE{lipman:1985,
	author = "Lipman, D.J. and Pearson, W.R.",
	title = "Rapid and sensitive protein similarity searches",
	journal = "Science",
	volume = "227",
	number = "4693",
	year = "1985",
	pages = "1435-1441"
}

@ARTICLE{lee:2001,
	author = "Lee, J. and  Ripoll, D.R. and  Czaplewski, C. and  Pillardy, J. and  Wedemeyer, W.J. and Scheraga, H.A.",
	title = "Optimization of parameters in macromolecular potential energy functions by conformational space annealing",
	journal = "J. Phys. Chem. B",
	volume = "105",
	number = "30",
	year = "2001",
	pages = "7291-7298"
}

@ARTICLE{lee:1997,
	author = "Lee, J. and  Scheraga, H.A. and Rackovsky, S.",
	title = "New optimization Method for conformational energy calculations on polypeptides: conformational space annealing",
	journal = "J. Comput. Chem.",
	volume = "18",
	year = "1997",
	number = "9",
	pages = "1222-1232"
}

@ARTICLE{lee:1998,
      author = "Lee, J. and  Scheraga, H.A. and Rackovsky, S.",
      title = "Conformational analysis of the 20-residue membrane-bound portion of melittin by conformational space annealing",
      journal = "Biopolymers",
      volume = "46",
      number = "2",
      year = "1998",
      pages = "103-116"
}

@ARTICLE{lengauer:1996,
      author = "Lengauer, T. and Rarey, M.",
      title = "Computational methods for biomolecular docking",
      journal = "Curr. Opin. Struct. Biol.",
      volume = "6",
      year = "1996",
      number = "3",
      pages = "402-406"
}

@ARTICLE{levinthal:1968,
      author = "Levinthal, C.",
      title = "Are there pathways for protein folding?",
      journal = "J. Chim. Phys. Phys.-Chim. Biol.",
      volume = "65",
      year = "1968",
      number = "1",
      pages = "44-45"
}

@ARTICLE{levitt:1983,
      author = "Levitt, M.",
      title = "Molecular Dynamics of native protein: Computer simulation of trajectories",
      journal = "J. Mol. Biol.",
      volume = "168",
      number = "3",
      year = "1983",
      pages = "595-620"
}

@ARTICLE{kundrot:1991,
      author = "Kundrot, C.E. and  Ponder, J.W. and Richards, F.M.",
      title = "Algorithms for calculating excluded volume and its derivatives as a function of molecular conformation and their use in energy minimization",
      journal = "J. Comput. Chem.",
      volume = "12",
      year = "1991",
      number = "3",
      pages = "402-409"
}

@ARTICLE{lambert:2002,
      author = "Lambert, C. and  Leonard, N. and  De Bolle, X. and Depiereux, E.",
      title = "ESyPred3D: Prediction of proteins 3D structures",
      journal = "Bioinformatics",
      volume = "18",
      year = "2002",
      number = "9",
      pages = "1250-1256"
}

@ARTICLE{larkin:2007,
      author = "Larkin, M.A. and  Blackshields, G. and  Brown, N.P. and  Chenna, R. and  McGettigan, P.A. and  McWilliam, H. and  Valentin, F. and  Wallace, I.M. and  Wilm, A. and  Lopez, R. and  Thompson, J.D. and  Gibson, T.J. and Higgins, D.G.",
      title = "Clustal W and Clustal X version 2.0",
      journal = "Bioinformatics",
      volume = "23",
      number = "21",
      year = "2007",
      pages = "2947-2948"
}

@ARTICLE{lathrop:1994,
      author = "Lathrop, R.H.",
      title = "The protein threading problem with sequence amino acid interaction preferences in NP-complete",
      journal = "Protein Eng. Des.",
      volume = "7",
      number = "9",
      year = "1994",
      pages = "1059-1068"
}

@ARTICLE{lazaridis:2000,
      author = "Lazaridis, T. and  Karplus, M.",
      title = "Effective energy functions for protein structure prediction",
      journal = "Curr. Opin. Struct. Biol.",
      volume = "10",
      number = "2",
      year = "2000",
      pages = "139-145"
}

@ARTICLE{grand:1993,
      author = "Le Grand, S.M. and Merz Jr., K.M.  ",
      title = "The application of the genetic algorithm to the minimization of potential energy functions",
      journal = "J. Global Optim.",
      volume = "3",
      number = "1",
      year = "1993",
      pages = "49-66"
}

@ARTICLE{grand:1994,
      author = "Le Grand, S.M. and Merz Jr., K.M.  ",
      title = "The genetic algorithm and the conformational search of polypeptides and proteins",
      journal = "J. Mol. Simul.",
      volume = "13",
      year = "1994",
      pages = "299-320"
}


@ARTICLE{elofsson:1995,
      author = "Elofsson, A. and Grand, E.M.L. and Eisenberg, D.",
      title = "Local Moves: An efficient algorithm for simulation of protein folding",
      journal = "Proteins Struc., Func. Gen.",
      volume = "23",
      year = "1995",
      pages = "73-82"
}


@ARTICLE{Lee:2004,
      author = "Lee, J. and  Kim, S.Y. and  Joo, K. and  Kim, I. and Lee, J.",
      title = "Prediction of protein tertiary structure using PROFESY, a novel method based on fragment assembly and conformational space annealing",
      journal = "Proteins",
      volume = "56",
      number = "4",
      year = "2004",
      pages = "704-714"
}

@ARTICLE{lee:2000,
      author = "Lee, J. and  Pillardy, J. and  Czaplewski, C. and  Arnautova, Y. and  Ripoll, D.R. and  Liwo, A. and  Gibson, K. D. and  Wawak, R.J. and Scheraga, H.A.",
      title = "Efficient parallel algorithms in global optimization of potential energy functions for peptides, proteins, and crystals",
      journal = "Comput. Phys. Commun.",
      volume = "128",
      year = "2000",
      number = "1-2",
      pages = "399-411"
}

@ARTICLE{lee:1999,
      author = "Lee, J. and Scheraga, H.A.",
      title = "Conformational space annealing by parallel computations: extensive conformational search of Met-enkephalin and of the 20-residue membrane-bound portion of melittin",
      journal = "Int. J. Quantum Chem.",
      volume = "75",
      year = "1999",
      pages = "255-265"
}

@ARTICLE{koehl:1999,
      author = "Koehl, P. and  Levitt, M",
      title = "A brighter future for proteins structure prediction",
      journal = "Nat. Struct. Mol. Biol.",
      volume = "6",
      year = "1999",
      pages = "108-111"
}

@ARTICLE{kolinski:2004,
      author = "Kolinski, A.",
      title = "Protein modeling and structure prediction with a reduced representation",
      journal = "Acta Biochim. Pol.",
      volume = "51",
      year = "2004",
      pages = "349-371"
}

@ARTICLE{kolinski:2005,
      author = "Kolinski, A. and Bujinicki, J.M.",
      title = "Generalized protein structure prediction based on combination of fold-recognition with de Novo folding and evaluation of models",
      journal = "Proteins",
      volume = "7",
      year = "2005",
      pages = "84-90"
}

@ARTICLE{koppensteiner:1995,
      author = "Koppensteiner, W. A. and  Sippl, M. J.",
      title = "Knowledge-based potentials-back to the roots",
      journal = "Biochemistry",
      volume = "63",
      year = "1995",
      pages = "247-252"
}

@ARTICLE{krieger:2009,
      author = "Krieger, E. and  Joo, K. and  Lee, J. and  Lee, J. and  Raman, S. and  Thompson, J. and  Tyka, M. and  Baker, D. and Karplus, K.",
      title = "Improving physical realism, stereo-chemistry, and side-chain accuracy in homology modeling: Four approaches that performed well in CASP8",
      journal = "Proteins",
      volume = "77",
      number = "S9",
      year = "2009",
      pages = "114-122"
}

@ARTICLE{krogh:1994,
      author = "Krogh, A. and  Brown, M. and  Mian, I.S. and  Sjolander, K. and Haussler, D.",
      title = "Hidden Markov models in computational biology: application to protein modeling",
      journal = "J. Mol. Biol.",
      volume = "235",
      number = "5",
      year = "1994",
      pages = "1501-1531"
}

@ARTICLE{kiefer:2009,
      author = "Kiefer, F. and  Arnold, K. and  Kuenzli, M. and  Bordoli, L. and Schwede, T.",
      title = "The SWISS-MODEL Repository and associated resources",
      journal = "Nucleic Acids Res.",
      volume = "37",
      year = "2009",
      pages = "D387-D392"
}

@ARTICLE{kepleis:1998b,
      author = "Klepeis, J.L. and  Androulakis, M.G. and Floudas, C.A.",
      title = "Predicting solvated peptide conformations via global minimization of energetic atom-to-atom interactions",
      journal = "Comput. Chem. Eng.",
      volume = "22",
      year = "1998B",
      pages = "765-788"
}

@ARTICLE{klepeis:1999,
      author = "Klepeis, J.L. and Floudas, C.A.",
      title = "Free energy calculations for peptides via deterministic global optimization",
      journal = "J. Chem. Phys.",
      volume = "110",
      year = "1999",
      pages = "7491-7512"
}

@ARTICLE{klepeis:2002,
      author = "Klepeis, J.L. and Floudas, C.A.",
      title = "Ab initio prediction of helical segments in polypeptides",
      journal = "J. Comput. Chem.",
      volume = "23",
      year = "2002",
      pages = "245-266"
}

@ARTICLE{kepleis:2002b,
      author = "Kepleis, J.L. and Floudas, C.A.",
      title = "Prediction of $\beta$-sheet topology and disulfide bridges in polypeptides",
      journal = "J. Comput. Chem.",
      volume = "24",
      number = "2",
      year = "2002B",
      pages = "191-208"
}

@ARTICLE{klepeis:2003,
      author = "Klepeis, J.L. and Floudas, C.A.",
      title = "ASTRO-FOLD: a combinatorial and global optimization framework for ab initio prediction of the three-dimensional structures of proteins from the amino acid sequence",
      journal = "Biophys. J.",
      volume = "85",
      year = "2003",
      pages = "2119-2146"
}

@ARTICLE{klepeis:2003b,
      author = "Klepeis, J.L. and Floudas, C.A.",
      title = "Ab initio tertiary structure prediction of proteins",
      journal = "J. Global Optim.",
      volume = "25",
      year = "2003B",
      pages = "113-140"
}

@ARTICLE{Kepleis:1998,
      author = "Klepeis, J.L. and   Ierapetritou, M. G. and Floudas, C.A.",
      title = "Protein folding and peptide docking: a molecular modeling and global optimization approach",
      journal = "Comput. Chem. Eng.",
      volume = "22",
      year = "1998",
      pages = "3-10"
}

@ARTICLE{klepeis:2003C,
      author = "Klepeis, J.L. and  Pieja, M.J. and Floudas, C.A.",
      title = "Hybrid global optimization algorithms for protein structure prediction: alternating hybrids",
      journal = "Biophys. J.",
      volume = "84",
      year = "2003C",
      pages = "869-882"
}

@ARTICLE{kelley:1996,
      author = "Kelley, L.A. and  Gardner, S. P. and  Stutcliffe, M.J.",
      title = "An automated approach for clustering an ensemble of NMR-derived protein structures into conformationally-related subfamilies",
      journal = "Protein Eng.",
      volume = "9",
      year = "1996",
      pages = "1063-1065"
}

@ARTICLE{Kelley:2000,
      author = "Kelley, L.A. and  MacCallum, R.M. and  Sternberg, M.J.E.",
      title = "Enhanced genome annotation using structural profiles in the program 3D-PSSM",
      journal = "J. Mol. Biol.",
      volume = "299",
      year = "2000",
      pages = "501-522"
}

@ARTICLE{khalili:2005,
      author = "Khalili, M. and  Liwo , A. and  Jagielska , A. and Scheraga, H.A.",
      title = "Molecular dynamics with the united-residue model of polypeptide chains. II. Langevin and Berendsen-bath dynamics and tests on model alpha-helical systems",
      journal = "J. Phys. Chem. B",
      volume = "109",
      year = "2005",
      number = "28",
      pages = "13798-13810"
}

@ARTICLE{kabsh:1984,
      author = "Kabsch, W. and Sander, C.",
      title = "On the use of sequence homologies to predict protein structure: identical pentapeptides can have completely different conformations",
      journal = "Proc. Natl. Acad. Sci. U. S. A.",
      volume = "81",
      year = "1984",
      number = "10",
      pages = "1075-1078"
}

@ARTICLE{karplus:1997,
      author = "Karplus, M.",
      title = "The Levinthal paradox: yesterday and today",
      journal = "Folding Des.",
      volume = "2",
      number = "1",
      year = "1997",
      pages = "S69-S75"
}

@ARTICLE{karplus:1992,
      author = "Karplus, K. and  Barrett, C. and Hughey, R.",
      title = "Hidden Markov models for detecting remote protein homologies",
      journal = "Bioinformatics",
      volume = "14",
      year = "1992",
      number = "10",
      pages = "846-856"
}

@ARTICLE{karplus:2001,
      author = "Karplus, K. and  Karchin, R. and  Barret, C. and  Tu, S. and  Cline, M. and  Diekhans, M. and  Grate, L. and  Gasper, J. and Hughey, R.",
      title = "What is the value added by human intervention in protein structure prediction?",
      journal = "Proteins",
      volume = "5",
      year = "2001",
      pages = "86-91"
}

@ARTICLE{karplus:2003,
      author = "Karplus, K. and  Karchin, R. and  Draper, J. and  Casper, J. and  Mandel-Gutfreund, Y. and  Diekhans, M. and Hughey, R.",
      title = "Combining local-structure, fold-recognition, and new fold methods for protein structure prediction",
      journal = "Proteins",
      volume = "56",
      number = "S6",
      year = "2003",
      pages = "491-496"
}

@ARTICLE{jones:1997B,
      author = "Jones, S. and Thornton, J.M.",
      title = "Prediction of protein-protein interaction sites using patch analysis",
      journal = "J. Mol. Biol.",
      volume = "272",
      number = "1",
      year = "1997B",
      pages = "133-14"
}

@ARTICLE{joo:2004,
      author = "Joo, K. and  Lee, J. and  Kim, S.Y. and  Kim, I. and  Lee, J. and Lee, S.J.",
      title = "Profile-based nearest neighbor method for pattern recognition",
      journal = "J. Korean Phys. Soc.",
      volume = "44",
      number = "3",
      year = "2004",
      pages = "599-604"
}

@ARTICLE{jorgensen:1996,
      author = "Jorgensen, W.L. and  Maxwell, D.S. and  Tirado-Rives, J.",
      title = "Development and testing of the OPLS all-atom force field on conformational energetics and properties of organic liquids",
      journal = "J. Am. Chem. Soc.",
      volume = "118",
      number = "45",
      year = "1996",
      pages = "11225-11236"
}

@ARTICLE{jorgensen:2005,
      author = "Jorgensen, W.L. and Tirado-Rives, J.",
      title = "Potential energy functions for atomic-level simulations of water and organic and biomolecular systems",
      journal = "Proc. Natl. Acad. Sci. U. S. A.",
      volume = "102",
      number = "19",
      year = "2005",
      pages = "6665-6670"
}

@ARTICLE{jorgensen:2005B,
      author = "Jorgensen, W.L. and Tirado-Rives, J.",
      title = "Molecular modeling of organic and biomolecular systems using BOSS and MCPRO",
      journal = "J. Comput. Chem.",
      volume = "26",
      year = "2005B",
      number = "16",
      pages = "1689-1700"
}

@ARTICLE{kabsch:1983,
      author = "Kabsch, W. and Sander, C.",
      title = "Dictionary of protein secondary structure: pattern recognition of hydrogen-bonded and geometrical features",
      journal = "Biopolymers",
      volume = "22",
      number = "12",
      year = "1983",
      pages = "2577-637"
}

@ARTICLE{johnson:2005,
      author = "Johnston, M.A. and  Fern\'andez-Galv\'an, I. and Vill\`a-Freira, J.",
      title = "Framework-based design of a new all-purpose molecular simulation application: the Adun simulator",
      journal = "J. Comput. Chem.",
      volume = "26",
      number = "15",
      year = "2005",
      pages = "1647-1659"
}

@ARTICLE{jones:1997,
      author = "Jones, D.T.",
      title = "Successful ab initio prediction of the tertiary structure of NK-lysin using multiple sequences and recognized supersecondary structural motifs",
      journal = "Proteins",
      volume = "S1",
      year = "1997",
      pages = "185-191"
}

@ARTICLE{jones:1999,
      author = "Jones, D.T.",
      title = "GenTHREADER: an efficient and reliable protein fold recognition method for genomic sequences",
      journal = "J. Mol. Biol.",
      volume = "287",
      number = "4",
      year = "1999",
      pages = "797-815"
}

@ARTICLE{jones:1999B,
      author = "Jones, D.T.",
      title = "Protein secondary structure prediction based on position-specific scoring matrices",
      journal = "J. Mol. Biol.",
      volume = "292",
      number = "2",
      year = "1999B",
      pages = "195-202"
}

@ARTICLE{jones:2001,
      author = "Jones, D.T.",
      title = "Predicting novel protein folds by using Fragfold",
      journal = "Proteins",
      volume = "45",
      number = "S5",
      year = "2001",
      pages = "127-132"
}

@ARTICLE{jones:1995,
      author = "Jones, D.T. and  Miller, R.T. and Thornton, J.M.",
      title = "Successful protein fold recognition by optimal sequence threading validated by rigorous blind testing",
      journal = "Proteins",
      volume = "23",
      number = "3",
      year = "1995",
      pages = "387-397"
}

@ARTICLE{jones:1992,
      author = "Jones, D.T. and  Taylor, W.R. and Thornton, J.M.",
      title = "A new approach to protein fold recognition",
      journal = "Nature",
      volume = "358",
      number = "6381",
      year = "1992",
      pages = "86-89"
}

@ARTICLE{ishida:2003,
      author = "Ishida, T. and  Nishimura, T. and  Nozaki, M. and  Inoue, T. and  Terada, T. and  Nakamura, S. and Shimizu, K.",
      title = "Development of an ab initio protein structure prediction system ABLE",
      journal = "Genome Inf.",
      volume = "14",
      year = "2003",
      pages = "228-237"
}

@ARTICLE{jacobson:2002,
      author = "Jacobson, M.P. and  Friesner, R.A. Xiang and Honig, B.",
      title = "On the role of the crystal environment in determining protein side-chain conformations",
      journal = "J. Mol. Biol.",
      volume = "320",
      year = "2002",
      number = "3",
      pages = "597-608"
}

@ARTICLE{jacobson:2002B,
      author = "Jacobson, M.P. and  Kaminski, G.A. and  Friesner, R.A. and Rapp, C.S.",
      title = "Force field validation using protein side-chain prediction",
      journal = "J. Phys. Chem. B",
      volume = "106",
      number = "44",
      year = "1968B",
      pages = "11673-11680"
}

@ARTICLE{jacobson:2004,
      author = "Jacobson, M.P. and  Pincus, D.L. and  Rapp, C.S. and  Day, T.J.F. and  Honig, B. and  Shaw, D.E. and Friesner, R.A.",
      title = "A hierarchical approach to all-atom loop prediction",
      journal = "Proteins",
      volume = "55",
      year = "2004",
      pages = "351-367"
}

@ARTICLE{jayaram:2006,
      author = "Jayaram, B. and  Bhushan, K. and  Shenoy, S.R. and  Narang, P. and  Bose, S. and  Agrawal, P. and  Sahu, D. and Pandey, V.S.",
      title = "Bhageerath: an energy based web enabled computer software suite for limiting the search space of tertiary structures of small globular proteins",
      journal = "Nucleic Acids Res.",
      volume = "34",
      year = "2006",
      number = "21",
      pages = "6195-6204"
}

@ARTICLE{johnson:1994,
      author = "Johnson, M.S. and  Srinivasan, N. and  Sowdhamini, R. and Blundell, T.L.",
      title = "Knowledge-based protein modeling",
      journal = "Crit. Rev. Biochem.",
      volume = "29",
      year = "1994",
      number = "1",
      pages = "1-68"
}

@ARTICLE{hendlich:1990,
      author = "Hendlich, M. and  Lackner, P. and  Weitckus, S. and  Floeckner, H. and  Froschauer, R. and  Gottsbacher, K. and  Casari, G. and Sippl, M.J.",
      title = "Identification of native protein folds amongst a large number of incorrect models. The calculation of low energy conformations from potentials of mean force",
      journal = "J. Mol. Biol.",
      volume = "216",
      year = "1990",
      number = "1",
      pages = "167-180"
}

@ARTICLE{henikoff:1992,
      author = "Henikoff, S. and Henikoff, J.G.",
      title = "Amino acid substitution matrices from protein blocks",
      journal = "Proc. Natl. Acad. Sci. U. S. A.",
      volume = "89",
      year = "1992",
      pages = "10915-10919"
}

@ARTICLE{henikoff:1993,
      author = "Henikoff, S. and Henikoff, J.G.",
      title = "Performance evaluation of amino acid substitution matrices",
      journal = "Proteins",
      volume = "17",
      year = "1993",
      number = "1",
      pages = "49-61"
}

@ARTICLE{henikoff:1994,
      author = "Henikoff, S. and Henikoff, J.G.",
      title = "Protein family classification based on searching a database of blocks",
      journal = "Genomics",
      volume = "19",
      year = "1994",
      pages = "97-107"
}

@ARTICLE{herges:2003,
      author = "Herges, T. and  Schug, A. and  Merlitz, H. and Wenzel, W.",
      title = "Stochastic optimization methods for structure prediction of biomolecular nanoscale systems",
      journal = "Nanotechnology",
      volume = "14",
      year = "2003",
      pages = "1161-1167"
}

@ARTICLE{hess:2008,
      author = "Hess, B. and  Kutzner, C. and  van der Spoel, D. and Lindahl, E.",
      title = "GROMACS 4: algorithms for highly efficient, load-balanced, and scalable molecular simulation",
      journal = "J. Chem. Theory Comput.",
      volume = "4",
      year = "2008",
      number = "3",
      pages = "435-447"
}

@ARTICLE{higgins:1988,
      author = "Higgins, D.G. and Sharp, P.M.",
      title = "CLUSTAL: a package for performing multiple sequence alignment on a microcomputer",
      journal = "Gene",
      volume = "73",
      year = "1988",
      number = "1",
      pages = "237-244"
}

@ARTICLE{hildebrand:2009,
      author = "Hildebrand, A. and  Remmert, M. and  Biegert, A. and Soding, J.",
      title = "Fast and accurate automatic structure prediction with HHpred",
      journal = "Proteins",
      volume = "77",
      year = "2009",
      number = "S9",
      pages = "128-132"
}

@ARTICLE{holm:1992,
      author = "Holm, L. and  Ouzounis, C. and  Sander, C. and  Tuparev, G. and Vriend, G.",
      title = "A database of protein structure families with common folding motifs",
      journal = "Protein Sci.",
      volume = "1",
      number = "12",
      year = "1992",
      pages = "1691-1698"
}

@ARTICLE{holm:1996,
      author = "Holm, L. and  Sander, C.",
      title = "Mapping the protein universe",
      journal = "Science",
      volume = "273",
      year = "1996",
      number = "5275",
      pages = "595-602"
}

@ARTICLE{huang:1998,
      author = "Huang, E.S. and  Samudrala, R. and Ponder, J.W.",
      title = "Distance geometry generates native-like folds for small helical proteins using the consensus distances of predicted protein structures",
      journal = "Protein Sci.",
      volume = "7",
      year = "1998",
      number = "9",
      pages = "1998-2003"
}

@ARTICLE{hughey:1996,
      author = "Hughey, R. and Krogh, A.",
      title = "Hidden Markov models for sequence analysis extension and analysis of the basic method",
      journal = "CABIOS, Comput. Appl. Biosci.",
      volume = "12",
      year = "1996",
      number = "2",
      pages = "95-107"
}

@ARTICLE{hutter:2005,
      author = "Hutter, J. and Curioni, A.",
      title = "Dual-level parallelism for ab initio molecular dynamics: Reaching teraflop performance with the CPMD code",
      journal = "Parallel Comput.",
      volume = "31",
      year = "2005",
      number = "1",
      pages = "1-17"
}

@ARTICLE{guest:2005,
      author = "Guest, M.F. and  Bush, I.J. and  van Dam, H.J.J. and  Sherwood, P. and  Thomas, J.M.H. and  van Lenthe, J.H. and  Havenith, R.W.A. and Kendrick, J.",
      title = "The GAMESS-UK electronic structure package: algorithms, developments and applications",
      journal = "Mol. Phys.",
      volume = "103",
      number = "6",
      year = "2005",
      pages = "719-747"
}

@ARTICLE{halgren:1995,
      author = "Halgren, T. A.",
      title = "Potential energy functions",
      journal = "Curr. Opin. Struct. Biol.",
      volume = "5",
      number = "2",
      year = "1995",
      pages = "205-210"
}

@ARTICLE{han:1996,
      author = "Han, K.F. and Baker, D.",
      title = "Global properties of the mapping between local amino acid sequence and local structure in proteins",
      journal = "Proc. Natl. Acad. Sci. U. S. A.",
      volume = "93",
      number = "2",
      year = "1996",
      pages = "5814-5818"
}

@ARTICLE{hao:1999,
      author = "Hao, M.H. and Scheraga, H.A.",
      title = "Designing potential energy functions for protein folding",
      journal = "Curr. Opin. Struct. Biol.",
      volume = "9",
      number = "2",
      year = "1999",
      pages = "184-188"
}

@ARTICLE{hart:1997,
      author = "Hart, W. and Istrail, S.",
      title = "Robust proofs of NP-hardness for protein folding: general lattices and energy potentials",
      journal = "J. Comput. Biol.",
      volume = "4",
      year = "1997",
      number = "1",
      pages = "1-22"
}

@ARTICLE{harvey:2009,
      author = "Harvey, M.J. and  Giupponi, G. and Fabritiis, G. De",
      title = "ACEMD: Accelerating biomolecular dynamics in the microsecond time scale",
      journal = "J. Chem. Theory Comput.",
      volume = "5",
      year = "2009",
      number = "6",
      pages = "1632-1639"
}

@ARTICLE{havel:1991,
      author = "Havel, T.F. and Snow, M.E.",
      title = "A new method for building protein conformations from sequence alignments with homologues of knowledge structure",
      journal = "J. Mol. Biol.",
      volume = "217",
      year = "1991",
      number = "1",
      pages = "1-7"
}

@ARTICLE{gordon:1999,
      author = "Gordon, D.B. and  Marshall, S.A. and Mayo, S.L.",
      title = "Energy functions for protein design",
      journal = "Curr. Opin. Struct. Biol.",
      volume = "9",
      year = "1999",
      number = "4",
      pages = "509-513"
}

@ARTICLE{greer:1990,
      author = "Greer, J.",
      title = "Comparative modeling methods: application to the family of the mammalian serine protease",
      journal = "Proteins",
      volume = "7",
      number = "4",
      year = "1990",
      pages = "317-334"
}

@ARTICLE{gribskov:1987,
      author = "Gribskov, M. and  McLachlan, A.D. and Eisenberg, D.",
      title = "Profile analysis: Detection of distantly related proteins",
      journal = "Proc. Natl. Acad. Sci. U. S. A.",
      volume = "84",
      year = "1987",
      number = "13",
      pages = "4355-4358"
}

@ARTICLE{grippen:1978,
      author = "Grippen, G.M.",
      title = "The tree structural organization of proteins",
      journal = "J. Mol. Biol.",
      volume = "126",
      number = "3",
      year = "1978",
      pages = "315-332"
}

@ARTICLE{guarnieri:1994,
      author = "Guarnieri, F. and Sitill, W.C.",
      title = "A rapidly convergent simulation method: Mixed Monte Carlo/Stochastic Dynamics",
      journal = "J. Comput. Chem.",
      volume = "15",
      number = "11",
      year = "1994",
      pages = "1302-1310"
}

@ARTICLE{gibbs:2001,
      author = "Gibbs, N. and  Clarke, A.R. and Sessions, R.B.",
      title = "Ab initio protein structure prediction using physicochemical potentials and a simplified off-lattice model",
      journal = "Proteins",
      volume = "43",
      year = "2001",
      number = "2",
      pages = "186-202"
}

@ARTICLE{ginalski:2005,
      author = "Ginalski, K. and  Grishin, N.V. and  Godzik, A. and Rychlewski, L.",
      title = "Practical lessons from protein structure prediction",
      journal = "Nucleic Acids Res.",
      volume = "33",
      year = "2005",
      number = "6",
      pages = "1874-1891"
}

@ARTICLE{ginalski:2003,
      author = "Ginalski, K. and  Pas, J. and  Wyrwicz, L.S. and  Grotthuss, M. and  Bujnicki, J.M. and Rychlewski, L.",
      title = "ORFeus: detection of distant homology using sequence profiles and predicted secondary structure",
      journal = "Nucleic Acids Res.",
      volume = "31",
      number = "13",
      year = "2003",
      pages = "3804-3807"
}

@ARTICLE{gonnet:1992,
      author = "Gonnet, G.H. and  Cohen, M.A. and Benner, S.A.",
      title = "Exhaustive matching of the entire protein sequence database",
      journal = "Science",
      volume = "256",
      number = "5062",
      year = "1992",
      pages = "1443-1445"
}

@ARTICLE{eisenstat:1996,
      author = "Eisenstat, S.C. and Walker, H.F.",
      title = "Choosing the forcing terms in an inexact Newton method",
      journal = "SIAM J. Sci. Comput.",
      volume = "17",
      year = "1996",
      number = "1",
      pages = "16-32"
}

@ARTICLE{elber:2005,
      author = "Elber, R.",
      title = "Computer simulations of protein folding: Classical trajectories by optimization of action",
      journal = "Comput. Phys. Commun.",
      volume = "169",
      year = "2005",
      number = "1-3",
      pages = "277-283"
}

@ARTICLE{elber:1987,
      author = "Elber, R. and Karplus, M.",
      title = "A method for determining reaction paths in large molecules: application to myoglobin",
      journal = "Chem. Phys. Lett.",
      volume = "139",
      year = "1987",
      number = "5",
      pages = "375-380"
}

@ARTICLE{elber:1995,
      author = "Elber, R. and  Roitberg, A. Simmerling and  C. Goldstein, R. and  Li, H. and  Verkhivker, G. and  Keasar, C. and  Zhang, J. and Ulitsky, A.",
      title = "MOIL- A Program for Simulation of Macromolecules",
      journal = "Comput. Phys. Commun.",
      volume = "91",
      year = "1995",
      number = "1-2",
      pages = "159-189"
}

@ARTICLE{eswar:2003,
      author = "Eswar, N. and  John, B. and  Mirkovic, N. and  Fiser, A. and  Ilyin, V.A. and  Pieper, U. and  Stuart, A.C. and  Mart\'{\i}-Renom, M.A. and  Madhusudhan, M.S. and  Yerkovich, B. and Sali, A.",
      title = "Tools for comparative protein structure modeling and analysis",
      journal = "Nucleic Acids Res.",
      volume = "31",
      number = "13",
      year = "2003",
      pages = "3375-3380"
}

@ARTICLE{fan:2004,
      author = "Fan, H. and Mark, A.E.",
      title = "Refinement of homology-based protein structures by molecular dynamics simulation techniques",
      journal = "Protein Sci.",
      volume = "13",
      year = "2004",
      number = "1",
      pages = "211-220"
}

@ARTICLE{feig:2000,
      author = "Feig, M. and  Rotkiewicz, P. and  Kolinski, A. and  Skolnick, J. and Brooks, C.L.",
      title = "Accurate reconstruction of all-atom protein representations from side-chain-based low-resolution models",
      journal = "Proteins",
      volume = "41",
      number = "1",
      year = "2000",
      pages = "86-97"
}

@ARTICLE{feng:1987,
      author = "Feng, D.F. and Doolittle, R.F.",
      title = "Progressive sequence alignment as a prerequisite to correct phylogenetic trees",
      journal = "J. Mol. Evol.",
      volume = "25",
      year = "1987",
      number = "4",
      pages = "351-360"
}

@ARTICLE{finkelstein:1987,
      author = "Finkelstein, A.V. and Ptitsyn, O.B.",
      title = "Why do globular proteins fit the limited set of folding patterns?",
      journal = "Prog. Biophys. Mol. Biol.",
      volume = "50",
      year = "1987",
      number = "3",
      pages = "171-190"
}

@ARTICLE{fiser:2000,
      author = "Fiser, A. and  Do, R.K.G. and Sali, A.",
      title = "Modeling of loops in protein structure",
      journal = "Protein Sci.",
      volume = "9",
      number = "9",
      year = "2000",
      pages = "1753-1773"
}

@ARTICLE{fitch:1967,
      author = "Fitch, W.M. and Margoliash, E.",
      title = "Construction of phylogenetic trees",
      journal = "Science",
      volume = "155",
      number = "760",
      year = "1967",
      pages = "279-284"
}

@ARTICLE{floudas:2007,
      author = "Floudas, C.A.",
      title = "Computational methods in protein structure prediction",
      journal = "Biotechnol. Bioeng.",
      volume = "97",
      number = "2",
      year = "2007",
      pages = "207-213"
}

@ARTICLE{floudas:2006,
      author = "Floudas, C.A. and  Fung, H.K. and  McAllister, S.R. and  Moennigmann, M. and  Rajgaria, R.",
      title = "Advances in protein structure prediction and de novo protein design: A review",
      journal = "Chem. Eng. Sci.",
      volume = "61",
      number = "3",
      year = "2006",
      pages = "966-988"
}

@ARTICLE{fogolari:2002,
      author = "Fogolari, F. and  Brigo, A. and Molinari, H.",
      title = "The Poisson-Boltzmann equation for biomolecular electrostatics: a tool for structural biology",
      journal = "J. Mol. Recognit.",
      volume = "15",
      number = "6",
      year = "2002",
      pages = "377-392"
}

@ARTICLE{fonseca:2010,
      author = "Fonseca, R. and  Paluszewski, M. and Winter, P.",
      title = "Protein structure prediction using bee colony optimization metaheuristic",
      journal = "J. Math. Model. Alg.",
      volume = "9",
      year = "2010",
      number = "2",
      pages = "181-194"
}

@ARTICLE{fraenkel:1993,
      author = "Fraenkel, A. S.",
      title = "Complexity of protein folding",
      journal = "Bull. Math. Biol.",
      volume = "55",
      number = "6",
      year = "1993",
      pages = "1199-1210"
}

@ARTICLE{fujitsuka:2006,
      author = "Fujitsuka, Y. and   Chikenji, G. and Takada, S.",
      title = "SimFold energy function for de novo protein structure prediction: consensus with Rosetta",
      journal = "Proteins",
      volume = "62",
      number = "2",
      year = "2006",
      pages = "381-398"
}

@ARTICLE{fujitsuka:2004,
      author = "Fujitsuka, Y. and  Takada, S. and  Luthey-Schulten, Z.A. and Wolynes, P.G.",
      title = "Optimizing physical energy functions for protein folding",
      journal = "Proteins",
      volume = "54",
      year = "2004",
      number = "1",
      pages = "88-103"
}

@ARTICLE{abagyan:1994,
      author = "Abagyan, R. and Totrov, M.",
      title = "Biased probability Monte Carlo conformational searches and electrostatic calculations for peptides and proteins",
      journal = "J. Mol. Biol.",
      volume = "235",
      number = "3",
      year = "1994",
      pages = "983-1002"
}

@ARTICLE{altschul:1990,
      author = "Altschul, S.F. and  Gish, W. and  Miller, W. and  Myers, E.W. and Lipman, D.J.",
      title = "Basic local alignment search tool",
      journal = "J. Mol. Biol.",
      volume = "215",
      number = "3",
      year = "1990",
      pages = "403-410"
}

@ARTICLE{anderson:2008,
      author = "Anderson, J.A. and Travesset, A.",
      title = "Molecular dynamics on graphic processing units: HOOMD to the rescue",
      journal = "Comput. Sci. Eng.",
      volume = "10",
      number = "6",
      year = "2008",
      pages = "6-10"
}

@ARTICLE{andreoni:2000,
      author = "Andreoni, W. and Curioni, A.",
      title = "New advances in chemistry and materials science with CPMD and parallel computing",
      journal = "Parallel Comput.",
      volume = "26",
      year = "2000",
      pages = "819-842"
}

@ARTICLE{anfinsen:1973,
      author = "Anfinsen, C.B.",
      title = "Principles that govern the folding of protein chains",
      journal = "Science",
      volume = "181",
      number = "96",
      year = "1973",
      pages = "223-230"
}

@ARTICLE{anfinsen:1961,
      author = "Anfinsen, C.B. and  Haber, E. and  Sela, M. and White Jr., F .H.",
      title = "The kinetics of formation of native ribonuclease  during oxidation of the reduced polypeptide chain",
      journal = "Proc. Natl. Acad. Sci. U. S. A.",
      volume = "47",
      year = "1961",
      pages = "1309-1314"
}

@ARTICLE{apostolico:1998,
      author = "Apostolico, A. and Giancarlo, R",
      title = "Sequence alignment in molecular biology",
      journal = "J. Comput. Biol.",
      volume = "5",
      year = "1998",
      number = "2",
      pages = "173-196"
}

@ARTICLE{arnold:2006,
      author = "Arnold, K. and  Bordoli, L. and  Kopp, J. and Schwede, T.",
      title = "The SWISS-MODEL workspace: A web-based environment for protein structure homology modeling",
      journal = "Bioinformatics",
      volume = "22",
      number = "2",
      year = "2006",
      pages = "195-201"
}

@ARTICLE{boas:2007,
      author = "Boas, F. E. and Harbury, P. B.",
      title = "Potential energy functions for protein design",
      journal = "Curr. Opin. Struct. Biol.",
      volume = "17",
      number = "2",
      year = "2007",
      pages = "199-204"
}

@ARTICLE{bonneau:2001,
      author = "Bonneau, R. and Baker, D.",
      title = "Ab initio protein structure prediction: progress and prospects",
      journal = "Annu. Rev. Biophys. Biomol. Struct.",
      volume = "30",
      year = "2001",
      pages = "173-189"
}

@ARTICLE{cutello:2006,
      author = "Cutello, V. and  Narzisi, G. and Nicosia, G.",
      title = "A multi-objective evolutionary approach to the protein structure prediction problem",
      journal = "J. R. Soc., Interface",
      volume = "3",
      year = "2006",
      number = "6",
      pages = "139-151"
}

@ARTICLE{cymerman:2004,
      author = "Cymerman, I.A. and  Feder, M. and  Pawlowski, M. and  Kurowski, M.A. and Bujnicki, J.M.",
      title = "Computational methods for protein structure prediction and fold recognition",
      journal = "Nucleic Acids Mol. Biol.",
      volume = "15",
      year = "2004",
      pages = "1-21"
}


@ARTICLE{darden:2009,
      author = "Darden, T. and  York, D. and Pedersen, L.",
      title = "Particle mesh Ewald: An N.log N  method for Ewald sums in large systems",
      journal = "The J. Chem. Phys.",
      volume = "98",
      number = "12",
      year = "2009",
      pages = "10089-10091"
}


@ARTICLE{pedersen:1996,
      author = "Pedersen, J.T. and Moult, J.",
      title = "Genetic algorithms for protein structure prediction",
      journal = "Curr. Opin. Struct. Biol.",
      volume = "6",
      number = "2",
      year = "1996",
      pages = "227-231"
}

@ARTICLE{das:2007,
      author = "Das, R. and  Qian, B. and  Raman, S. and  Vernon, R. and  Thompson, J. and  Bradley, P. and  Khare, S. and  Tyka, M.D.D. and  Bhat, D. and  Chivian, D. and  Kim, D.E.E. and  Sheffler, W.H.H. and  Malmstroem, L. and  Wollacott, A.M.M. and  Wang, C. and  Andre, I. and Baker, D.",
      title = "Structure prediction for CASP7 targets using extensive all-atom refinement with Rosetta@home",
      journal = "Proteins",
      volume = "68",
      number = "S8",
      year = "2007",
      pages = "118-128"
}

@ARTICLE{derek:2006,
      author = "Debe, D.A. and  Danzer, J.F. and  Goddard, W.A. and Poleksic, A.",
      title = "STRUCTFAST: protein sequence remote homology detection and alignment using novel dynamic programming and profile-profile scoring",
      journal = "Proteins",
      volume = "64",
      number = "4",
      year = "2006",
      pages = "960-967"
}

@ARTICLE{dembo:1983,
      author = "Dembo, R.S. and Steihaug, T.",
      title = "Truncated-Newton algorithms for large-scale unconstrained optimization",
      journal = "Math. Program.",
      volume = "26",
      year = "1983",
      pages = "190-212"
}

@ARTICLE{derreumaux:1999,
      author = "Derreumaux, P.",
      title = "From polypeptide sequences to structures using Monte Carlo simulations and an optimized potential",
      journal = "J. Chem. Phys.",
      volume = "111",
      number = "5",
      year = "1999",
      pages = "2301-2310"
}

@ARTICLE{dandekar:1992,
      author = "Dandekar, T. and Argos, P.",
      title = "Potential of genetic algorithms in protein folding and Protein Eng. simulations",
      journal = "Protein Eng.",
      volume = "5",
      number = "7",
      year = "1992",
      pages = "637-645"
}

@ARTICLE{Cohen:2004,
      author = "Cohen, J.",
      title = "Bioinformatics: An Introduction for Computer Scientists",
      journal = "ACM Comput. Surv.",
      volume = "36",
      number = "2",
      year = "2004",
      pages = "122-158"
}

@ARTICLE{cornell:1995,
      author = "Cornell, W.D. and  Cieplak, P. and  Bayly, C.I. and  Gould, I.R. and  Merz Jr., K.M. and  Ferguson, D.M. and  Spellmeyer, D.C. and  Fox, T. and  Caldwell, J.W. and Kollman, P.A.",
      title = "A second generation force field for the simulation of proteins, nucleic acids, and organic molecules",
      journal = "J. Am. Chem. Soc.",
      volume = "117",
      number = "19",
      year = "1995",
      pages = "5179-5197"
}

@ARTICLE{corpet:1988,
      author = "Corpet, F.",
      title = "Multiple sequence alignment with hierarchical clustering",
      journal = "Nucleic Acids Res.",
      volume = "16",
      year = "1988",
      number = "22",
      pages = "10881-10890"
}

@ARTICLE{creighton:1990,
      author = "Creighton, T. E.",
      title = "Protein folding",
      journal = "Biochem. J.",
      volume = "270",
      year = "1990",
      pages = "1-16"
}

@ARTICLE{crescenzi:1998,
      author = "Crescenzi, P. and  Goldman, D. and  Papadimitriou, C.H. and  Piccolboni, A. and Yannakakis, M.",
      title = "On the complexity of protein folding",
      journal = "J. Comput. Biol.",
      volume = "5",
      year = "1998",
      number = "3",
      pages = "423-466"
}

@ARTICLE{chen:2005,
      author = "Chen, H and Zhou, H.X.",
      title = "Prediction of solvent accessibility and sites of deleterious mutation from protein sequence",
      journal = "Nucleic Acids Res.",
      volume = "33",
      number = "10",
      year = "2005",
      pages = "3193-3199"
}

@ARTICLE{chikenjia:2003,
      author = "Chikenjia, G. and  Fujitsukab, Y. and Takadac, S.",
      title = "A reversible fragment assembly method for de novo protein structure prediction",
      journal = "J. Chem. Phys.",
      volume = "119",
      year = "2003",
      number = "13",
      pages = "6895-6903"
}

@ARTICLE{chivian:2003,
      author = "Chivian, D. and  Robertson, T. and  Bonneau, R. and Baker, D.",
      title = "Ab initio methods",
      journal = "Methods Biochem. Anal.",
      volume = "44",
      year = "2003",
      pages = "547-557"
}

@ARTICLE{christen:2005,
      author = "Christen, M. and  Hunenberger, P.H. and  Bakowies, D. and  Baron, R. and  Burgi, R. and  Geerke, D.P. and  Heinz, T.N. and  Kastenholz, M.A. and  Krutler, V. and  Oostenbrink, C. and  Peter, C. and  Trzesniak, D. and van Gunsteren, W.F.",
      title = "The GROMOS software for biomolecular simulation: GROMOS05",
      journal = "J. Comput. Chem.",
      volume = "26",
      number = "16",
      year = "2005",
      pages = "1719-1751"
}

@ARTICLE{claessens:1989,
      author = "Claessens, M. and  Cutsem, E.V. and  Lasters, I. and  Wodak, S.",
      title = "Modelling the polypeptide backbone with 'sparse parts' from known protein structures",
      journal = "Protein Eng.",
      volume = "2",
      number = "5",
      year = "1989",
      pages = "335-345"
}

@ARTICLE{brooks:1983,
      author = "Brooks, R.B. and  Bruccoleri, R.E. and  Olafson, B.D. and  States, D.J. and  Swaminathan, S. and Karplus, M.",
      title = "CHARMM: A program for macromolecular energy, minimization, and dynamics calculations",
      journal = "J. Comput. Chem.",
      volume = "4",
      number = "2",
      year = "1983",
      pages = "187-217"
}

@ARTICLE{bryant:1995,
      author = "Bryant, S. H. and  Altschul, S.",
      title = "Statistics of sequence-structure threading",
      journal = "Curr. Opin. Struct. Biol.",
      volume = "5",
      year = "1995",
      number = "2",
      pages = "236-244"
}

@ARTICLE{bujnicki:2006,
      author = "Bujnicki, J.M.",
      title = "Protein structure prediction by recombination of fragments",
      journal = "ChemBioChem",
      volume = "7",
      number = "1",
      year = "2006",
      pages = "19-27"
}

@ARTICLE{byrd:1995,
      author = "Byrd, R.H. and  Lu, P. and Nocedal, J.",
      title = "A limited memory algorithm for bound constrained optimization",
      journal = "SIAM J. Sci. Comput.",
      volume = "16",
      year = "1995",
      pages = "1190-1208"
}

@ARTICLE{canutescu:2001,
      author = "Canutescu, A.A. and  Shelenkov, A.A. and Dunbrack Jr., R.L.",
      title = "A graph-theory algorithm for rapid protein side chain prediction",
      journal = "Proteins",
      volume = "12",
      number = "9",
      year = "2001",
      pages = "2001-2014"
}

@ARTICLE{case:2005,
      author = "Case, D.A. and  Cheatham, T.E. and  Darden, T. and  Gohlke, H. and  Luo, R. and  Merz, K.M. and Onufriev, A.",
      title = "The AMBER biomolecular simulation program",
      journal = "J. Comput. Chem.",
      volume = "26",
      number = "16",
      year = "2005",
      pages = "1668-1688"
}

@ARTICLE{bowie:1994,
      author = "Bowie, J. U. and  Eisenberg, D.",
      title = "An evolutionary approach to folding small alpha-helical proteins that uses sequence information and empirical guiding fitness function",
      journal = "Proc. Natl. Acad. Sci. U. S. A.",
      volume = "91",
      year = "1994",
      number = "10",
      pages = "4436-4440"
}

@ARTICLE{bowie:1991,
      author = "Bowie, J. U. and  Luthy, R. and Eisenberg, D.",
      title = "A method to identify protein sequences that fold into a known three-dimensional structure",
      journal = "Science",
      volume = "253",
      year = "1991",
      number = "5016",
      pages = "164-170"
}

@ARTICLE{bradley:2005,
      author = "Bradley, P. and  Misura, K.M.S. and Baker, D.",
      title = "Toward high-resolution de Novo structure prediction for small proteins",
      journal = "Science",
      volume = "309",
      number = "5742",
      year = "2005",
      pages = "1868-1871"
}

@ARTICLE{breda:2007,
      author = "Breda, A. and  Santos, D.S. and  Basso, L.A. and Norberto de Souza, O.",
      title = "Ab initio 3-D structure prediction of an artificially designed three-a-helix bundle via all-atom molecular dynamics simulations",
      journal = "Genet. Mol. Res.",
      volume = "6",
      number = "2",
      year = "2007",
      pages = "901-910"
}

@ARTICLE{briffeuil:1998,
      author = "Briffeuil, P. and  Baudoux, G. and  Lambert, C. and  Bolle, X. de and  Vinals, C. and  Feytmans, E. and Depiereux, E.",
      title = "Comparative analysis of seven multiple protein sequence alignment servers: clues to enhance reliability of predictions",
      journal = "Bioinformatics",
      volume = "14",
      year = "1998",
      number = "4",
      pages = "357-366"
}

@ARTICLE{arora:1998,
      author = "Arora, N. and Jayaram, B.",
      title = "Energetics of base pairs in B-DNA in solution: An appraisal of potential functions and dielectric treatments",
      journal = "J. Phys. Chem. B",
      volume = "102",
      year = "1998",
      pages = "6139-6144"
}

@ARTICLE{aszodi:1996,
      author = "Asz\'odi, A. and Taylor, W. R.",
      title = "Homology modeling by distance geometry",
      journal = "Folding Des.",
      volume = "1",
      number = "5",
      year = "1996",
      pages = "325-334"
}

@ARTICLE{blundell:1987,
      author = "Blundell, T.L. and  Sibanda, B.L. and  Sternberg, M.J.E. and Thornton, J.M.",
      title = "Knowledge-based prediction of protein structures and the design of novel molecules",
      journal = "Nature",
      volume = "326",
      year = "1987",
      pages = "347-352"
}

@ARTICLE{bates:2001,
      author = "Bates, P. A. and  Kelley, L. A. and  MacCallum, R. M. and Sternberg, M.J.E.",
      title = "Enhancement of protein modeling by human intervention in applying the automatic programs 3D-JIGSAW and 3D-PSSM",
      journal = "Proteins",
      volume = "5",
      year = "2001",
      pages = "39-46"
}

@ARTICLE{baxevanis:1998,
      author = "Baxevanis, A.D.",
      title = "Practical aspects of multiple sequence alignment",
      journal = "Methods Biochem. Anal.",
      volume = "39",
      year = "1998",
      pages = "172-188"
}

@ARTICLE{berg:1991,
      author = "Berg, B. A. and Neuhaus, T.",
      title = "Multi-canonical algorithms for first order phase transitions",
      journal = "Phys. Lett. B",
      volume = "267",
      year = "1991",
      number = "2",
      pages = "249-253"
}

@ARTICLE{berman:2000,
      author = "Berman, H.M. and  Westbrook, J. and  Feng, Z. and  Gilliland, G. and  Bath, T.N. and  Weissig, H. and  Shindyalov, I.N. and Bourne, P.E.",
      title = "The protein data bank",
      journal = "Nucleic Acids Res.",
      volume = "28",
      number = "1",
      year = "2000",
      pages = "235-242"
}

@ARTICLE{derreumaux:1994,
      author = "Derreumaux, P. and  Zhang, G. and  Schlick, T. and Brooks, B.R.",
      title = "A Truncated Newton minimizer adapted for CHARMM and biomolecular applications",
      journal = "J. Comput. Chem.",
      volume = "15",
      number = "5",
      year = "1994",
      pages = "532-552"
}

@ARTICLE{desjarlais:1998,
      author = "Desjarlais, J.R. and Clarkeb, N.D.",
      title = "Computer search algorithms in protein modification and design",
      journal = "Curr. Opin. Struct. Biol.",
      volume = "8",
      year = "1998",
      number = "4",
      pages = "471-475"
}

@ARTICLE{dewar:1983,
      author = "Dewar, M.J.S.",
      title = "Development and status of MINDO/3 and MNDO",
      journal = "J. Mol. Struct.",
      volume = "100",
      year = "1983",
      pages = "41-50"
}
  
@ARTICLE{dill:1985,
      author = "Dill, K.A.",
      title = "Theory for the folding and stability of globular proteins",
      journal = "Biochemistry",
      volume = "24",
      number = "6",
      year = "1985",
      pages = "1501-1509"
}

@ARTICLE{dorn:2008,
      author = "Dorn, M. and  Breda, A. and Norberto de Souza, O.",
      title = "A hybrid method for the protein structure prediction problem",
      journal = "Lect. Notes Bioinf.",
      volume = "5167",
      year = "2008",
      pages = "47-56"
}

@ARTICLE{eisenberg:1986,
      author = "Eisenberg, D. and McLachlan, A.D.",
      title = "Solvation energy in protein folding and binding",
      journal = "Nature",
      volume = "319",
      year = "1986",
      pages = "199-203"
}

@ARTICLE{eisenmenger:2001,
      author = "Eisenmenger, F. and  Hansmann, U.H.E. and  Hayryan, S. and Hu, C.K.",
      title = "SMMP a modern package for simulation of proteins",
      journal = "Comput. Phys. Commun.",
      volume = "138",
      year = "2001",
      pages = "192-212"
}

@ARTICLE{eisenmenger:2006,
      author = "Eisenmenger, F. and  Hansmann, U.H.E. and  Hayryan, S. and Hu, C.K.",
      title = "An enhanced version of SMMP - open-source software package for simulation of proteins",
      journal = "Comput. Phys. Commun.",
      volume = "174",
      year = "2006",
      pages = "422-429"
}

@ARTICLE{dorn:2010,
      author = "Dorn, M. and Norberto de Souza, O.",
      title = "Mining the Protein Data Bank with CReF to predict approximate 3-D structures of polypeptides",
      journal = "Int. J. Data Min. and Bioin.",
      volume = "4",
      number = "3",
      year = "2010",
      pages = "281-299"
}

@ARTICLE{dorn:2010B,
      author = "Dorn, M. and Norberto de Souza, O.",
      title = "A3N: an artificial neural network n-gram-based method to approximate 3-D polypeptides structure prediction",
      journal = "Expert Syst. Appl.",
      volume = "37",
      year = "2010B",
      number = "12",
      pages = "7497-7508"
}

@ARTICLE{dunbrack:1997,
      author = "Dunbrack Jr., R.L.  and Cohen, F.E.",
      title = "Bayesian statistical analysis of protein side-chain rotamer preferences",
      journal = "Protein Sci.",
      volume = "6",
      number = "8",
      year = "1997",
      pages = "1661-1681"
}

@ARTICLE{dunbrack:2003,
      author = "Dunbrack Jr., R.L. and Karplus, M.",
      title = "Backbone-dependent rotamer library for proteins: application to side-chain prediction",
      journal = "J. Mol. Biol.",
      volume = "230",
      year = "2003",
      number = "2",
      pages = "543-574"
}

@ARTICLE{bajorath:1994,
      author = "Bajorath, J. and  Stenkamp, R. and Aruffo, A.",
      title = "Knowledge-based model building of proteins: concepts and examples",
      journal = "Protein Sci.",
      volume = "2",
      number = "11",
      year = "1994",
      pages = "1797-1810"
}

@INPROCEEDINGS{dorn:2008B,
      title = "CReF: A central-residue-fragment-based method for predicting approximate 3-D polypeptides structures",
      author = "Dorn, M. and Norberto de Souza, O.",
      booktitle = "Proceedings of the 2008 ACM Symposium on Applied Computing",
      address = "Vila Gale in Fortaleza, Ceara, Brazil",
      pages = "1261-1267",
      year = "2008"
}

@INPROCEEDINGS{turcotte:1998,
      title = "Application of inductive logic programming to discover rules governing the three-dimensional topology of protein structure",
      author = "Turcotte, M. and Muggleton, S.H. and Sternberg, M.J.E.",
      booktitle = "Proceedings of the International Workshop on Inductive Logic Programming",
      pages = "53-64",
      year = "1998"
}

@INCOLLECTION{macke:1998,
      booktitle = "Molecular Modeling of Nucleic Acids",
      author = "Macke, T. and Case, D.A. ",
      year = "1998",
      chapter = "24",
      pages = "379-393",
      volume = "682",
      title= "Modeling unusual nucleic acid structures"
}
 
@INCOLLECTION{gribskov:1994,
      booktitle = "Profile analysis: Methods in Molecular Biology",
      author = "Gribskov, M.",
      year = "1994",
      editor = "Griffin, A.M. and Griffin, H.G.",
      pages = "247-266",
      volume = "25",
      title= "Methods in Molecular Biology"
}

@INPROCEEDINGS{hunger:1993,
      title = "On the applicability of genetic algorithms to protein folding",
      author = "Unger, R. and Moult, J.",
      booktitle = "The Twenty-Sixth Hawaii International Conference on System Sciences",
      pages = "715-725",
      year = "1993"
}
   
@INCOLLECTION{kreme:1992,
      booktitle = "Parallel Problem Solving from Nature II",
      author = "Manner, R. and Manderick, B.",
      year = "1998",
      chapter = "24",
      pages = "379-393",
      volume = "682",
      title= "Genetic algorithms for protein tertiary structure prediction"
} 

@INCOLLECTION{xu:2002,
      booktitle = "Current Topics in Computational Molecular Biology",
      author = "Jiang, T. and Xu, Y. and Zhang, M.Q.",
      year = "2002",
      pages = "468-502",
      address = "London, England",
      publisher = "The MIT Press",
      title= "Protein structure prediction by protein threading and partial experimental data"
} 

	

@INPROCEEDINGS{hoque:2006,
      title = "A guided genetic algorithm for protein folding prediction using 3D hydrophobic-hydrophilic model",
      author = "Hoque, M.T. and Chetty, M. and Dooley, L.S.",
      booktitle = "IEEE Congress on Evolutionary Computation",
      address = "Vancouver, Canada",
      pages = "2339-2346",
      year = "2006"
}

@INPROCEEDINGS{bahamish:2009,
      title = "Protein tertiary structure prediction using artificial bee colony algorithm",
      author = "Bahamish, H.A.A. and Abdullah, R. and Salam, R.A.",
      booktitle = "Proceedings of the 2009 Third Asia International Conference on Modelling and Simulation",
      address = "Bandung, Bali",
      pages = "258-263",
      year = "2009"
}

@MISC{ponder:2004,
      author = "Ponder, J.W.",
      year = "2004",
      title = "TINKER: software tools for molecular design",
      note = "Version 4.2",
      pages = "212"
}

@MISC{ponder:2010,
      author = "Ponder, J.W.",
      year = "2010",
      title = "TINKER Summary Sheet",
      note = "Jay Ponder Lab, Department of Biochemistry and Molecular Biophysics, Washington University School of Medicine",
      address = "Saint Louis, Missouri, USA"
}
    
@MISC{kuang:2009,
      author = "Kuang, S. and Li, C. and Vardeman II, C.F. and Lin, T. and Fennell, C.J. and Sun, X. and Daily, K. and Zheng, Y. and Meineke, M.A. and Gezelter, J.D.",
      year = "2009",
      title = "TINKER Summary Sheet",
      note = "OPENMD Manual",
      address = "Department of Chemistry and Biochemistry, University of Notre Dame, Notre Dame, Indiana, USA",
      pages = "79"
}

@MISC{kresse:2009,
      author = "Kresse, G. and Marsman, M. and Furthmuller",
      year = "2009",
      title = "VASP the Guide",
      address = "Computational Physics, Faculty of Physics, Wien University, Wien, Austria",
      pages = "163"
}

@MISC{paschek:2003,
      author = "Paschek, D. and Geiger, A",
      year = "2003",
      title = "Performing Molecular Dynamics Simulations - User's Guide and Manual for the MOSCITO Simulation Package",
      address = "Physikalische Chemie IIa, Dortmund University, Dortmund, Germany",
      pages = "80"
}

@INCOLLECTION{macKerell:1998B,
      booktitle = "The Encyclopedia of Computational Chemistry",
      author = "MacKerell Jr., A.D. and Brooks, B. and Brooks, C.L. and Nilsson, L. and Roux, B. and Won, Y. and Karplus, M.",
      year = "1998",
      editor = "P. v. R. Schleyer et al.",
      volume = "1",
      title = "CHARMM: The energy function and its parameterization with an overview of the program",
      publisher= "John Wiley and Sons",
      pages = "271--277"
}

@INPROCEEDINGS{anderson:2004,
      title = "BIONC: A system for public-resource computing and storage",
      author = "Anderson, D.P.",
      booktitle = "5th IEEE/ACM International Workshop on Grid Computing",
      address = "Pittsburgh, USA",
      pages = "4--10",
      year = "2004"
}
  
@INPROCEEDINGS{alexandrov:1996,
      title = "Fast protein fold recognition via sequence to structure alignment and contact capacity potentials",
      author = "Alexandrov, N.N. and Nussinov, R. and Zimmer, R.M.",
      booktitle = "Pacific Symposium on Biocomputing",
      address = "Big Island of Hawaii, USA",
      pages = "53--72",
      year = "1996"
}
  


@article{HintonNature86,
      author = "Rumelhart, D.E. and Hinton, G.E. and Williams, R.J.",
      title = "Learning representations by back-propagating errors",
      journal  = "Nature",
      volume = "323",
      year = "1986",
      pages = "533--536"
}

@INPROCEEDINGS{xu:2003,
      title = "Protein structure prediction by linear programming",
      author = "Xu, J. and Li, M. and Lin, G. and Kim, D. and Xu, Y.",
      booktitle = "Pacific Symposium on Biocomputing",
      address = "Big Island of Hawaii, USA",
      pages = "264--275",
      year = "2003"
}

@BOOK{davila:2009,
      title = "Neural-Symbolic Cognitive Reasoning",
      publisher = "Springer, New York",
      year = "2009",
      author = "d'Avila Garcez, A.S. and Lamb, L.C. and Gabbay, D.M.",
      address = "New York, USA",
      edition = "1"
}

@ARTICLE{missimer:2010,
      author = "Missimer, J.H. and Steinmetz, M.O. and van Gunsteren, W.F.",
      title = "Exploring the trigger sequence of the GCN4 coiled-coil: biased molecular dynamics resolves apparent inconsistencies in NMR measurements",
      journal  = "Protein Sci.",
      volume = "19",
      year = "2010",
      pages = "7244--7262"
}

@INCOLLECTION{resende:2010,
      booktitle = "Handbook of Metaheuristics",
      author = "Resende, M.G.C. and Ribeiro, C.C. and  Glover, F. and Mart\'{i}, R.",
      year = "2010",
      publisher = "Springer, New York",
      editor = "M. Gendreau and J.-Y. Potvin",
      title = "Scatter search and path-relinking: Fundamentals, advances, and applications",
      pages = "87--107"
}

@BOOK{haykin:1998,
      title = "Neural Networks: A comprehensive foundation",
      publisher = "Prentice Hall Inc.",
      year = "1998",
      author = "Haykin, S.",
      address = "New York, USA",
      edition = "2"
}

@INCOLLECTION{hoque:2009,
      booktitle = "Biomedical Data and Applications",
      author = "Hoque, M.T. and Chetty, M. and  Sattar, A. ",
      year = "2009",
      editor = "A. S. Sidhu and T. Dillon",
      volume = "224",
      title = "Genetic algorithm in \textit{ab initio} protein structure prediction using low resolution model: A review",
      pages = "317--342"
}
  
@ARTICLE{hunger:1993B,
      author = "Unger, R. and Moult, J.",
      title = "Genetic algorithms for protein folding simulations",
      year = "1993a",
      journal = "J. Mol. Biol.",
      volume = "231",
      number = "1",
      pages = "75-81"
}

@ARTICLE{pedersen:1997,
      author = "Pedersen, J.T. and Moult, J.",
      title = "Protein folding simulations with genetic algorithms and a detailed molecular description",
      year = "1997",
      journal = "J. Mol. Biol.",
      volume = "269",
      number = "2",
      pages = "240--259"
}



@ARTICLE{altschul:1997,
	author = "Altschul, S.F. and  Madden, T.L. and  Schaffer, A.A. and  Zhang, J. and  Zhang, Z. and  Miller, W. and Lipman, D.J.",
	title = "Gapped BLAST and PSI-BLAST: a new generation of protein database search programs",
	journal = "Nucleic Acids Res.",
	volume = "25",
	number = "17",
	year = "1997",
	pages = "3389--3402"
}

@ARTICLE{hagler:1979,
	author = "Hagler, A. T. and  Stern, P.S. and  Lifson, S. and  Ariel, S.",
	title = "Urey-Bradley force field, valence force field, and ab initio study of intramolecular forces in tri-tert-butylmethane and isobutane",
	year = "1979",
	journal = "J. Am. Chem. Soc.",
	volume = "101",
	number = "4",
	pages = "813--819"
}

@ARTICLE{lifson:1968,
	author = "Lifson, S. and Warshel, A.",
	title = "Consistent Force Field for Calculations of Conformations, Vibrational Spectra, and Enthalpies of Cycloalkane and nAlkane Molecules",
	year = "1968",
	journal = "J. Chem. Phys.",
	volume = "49",
	number = "5116",
	pages = "14"
}

@ARTICLE{Kitchen:2004,
	author = "Kitchen, D. B. and Decornez, H. and Furr, J. R. and Bajorath, J.",
	title = "Docking and scoring in virtual screening for drug discovery: methods and applications",
	journal = "Nat. Rev. Drug Discovery",
	volume = "3",
	number = "11",
	year = "2004",
	pages = "935--949"
}

@ARTICLE{benson:2009,
	author = "Benson, D.A. and Karsch-Mizrachi, I. and Lipman, D.J. and Ostell, J. and Wheeler, D.L.",
	title = "Genbank",
	journal = "Nucleic Acids Res.",
	volume = "36",
	year = "2009",
	pages = "25--30"
}

@ARTICLE{dandekar:1994,
	author = "Dandekar, T.  and Argos, P.",
	title = "Folding the main chain of small proteins with the genetic algorithm",
	journal = "J. Mol. Biol.",
	volume = "236",
	number = "3",
	year = "1994",
	pages = "844--861"
}

@INPROCEEDINGS{hoque:2005,
	title = "A new guided genetic algorithm for 2D hydrophobic-hydrophilic model to predict protein folding",
	author = "Hoque, M.T. and Chetty, M. and Dooley, L.S.",
	booktitle = "IEEE Congress on Evolutionary Computation",
	address = "Edinburgh, UK",
	pages = "259--266",
	year = "2005"
}


@INCOLLECTION{glover:2003,
      author = "Glover, F.W. and Kochenberg, G.A.",
      title = "Handbook of meta-heuristics",
      booktitle = "International Series in Operations Research and Management Science",
      volume = "57",
      year = "2003",
      pages = "570"
}

@ARTICLE{Chaudhury:2010,
	author = "Chaudhury, S. and Lyskov, S. and Gray, J. J.", 
	title = "PyRosetta: a script-based interface for implementing molecular modeling algorithms using Rosetta",
	volume = "26", 
	number = "5", 
	pages = "689--691", 
	year = "2010",
	journal = "Bioinformatics"
}

@ARTICLE{Kryshtafovych:2014,
	author = "Kryshtafovych, A. and Fidelis, K. and Moult, J.",
	title = "CASP10 results compared to those of previous CASP experiments",
	journal = "Proteins: Structure, Function, and Bioinformatics",
	volume = "82",
	pages = "164--174",
	year = "2014",
}

@ARTICLE{OMeara:2015,
	author = "OMeara, M. J. and Leaver-Fay, A. and Tyka, M. D. and Stein, A. and Houlihan, K. and DiMaio, F. and Bradley, P. and Kortemme, T. and Baker, D. and Snoeyink, J. and Kuhlman, B.",
	title = "Combined Covalent-Electrostatic Model of Hydrogen Bonding Improves Structure Prediction with Rosetta",
	journal = "Journal of Chemical Theory and Computation",
	volume = "11",
	number = "2",
	pages = "609--622",
	year = "2015",
}

@ARTICLE{CASP:2014,
    author = "Kryshtafovych, A. and Fidelis, K. and Moult, J.",
    title = "CASP10 results compared to those of previous CASP experiments",
    journal = "Proteins: Structure, Function, and Bioinformatics",
    volume = "82",
    pages = "164--174",
    year = "2014",
}

@ARTICLE{huang:2013,
    author = "Huang, Yin-Fu and Chen, Shu-Ying",
    title = "Extracting Physicochemical Features to Predict Protein Secondary Structure",
    journal = "The Scientific World Journal",
    volume = "2013",
    year = "2013",
}

@ARTICLE{fauchere:1983,
    author = "Fauchere, J. and Pliska, V.",
    title = "Hydrophobic parameters pi of amino-acid side-chains from the partitioning of N-acetyl-amino-acid amides",
    journal = "Eur. J. Med. Chem.",
    volume = "18",
    pages = "369--375",
    year = "1983",
}

@ARTICLE{moirae:2013,
    author="Dorn, M. and Buriol, L. S. and Lamb, L. C.",
    title="MOIRAE: A computational strategy to extract and represent structural information from experimental protein templates",
    journal="Soft Computing",
    year="2013",
    volume="18",
    number="4",
    pages="773--795"
}

@ARTICLE{sohangi:2014,
    author="Sohangir, S. and Rahimi, S. and Gupta, B.",
    title="NeuroEvolutionary Feature Selection Using NEAT",
    journal="Journal of Software Engineering and Applications",
    year="2014",
    volume="7",
    number="7",
    pages="562--570"
}

@ARTICLE{wang:2015,
    author="Wang, Sheng and Peng, Jian and Ma, Jianzhu and Xu, Jinbo",
    title="Protein secondary structure prediction using deep convolutional neural fields",
    journal="ArXiv e-prints",
    year="2015",
}

@BOOK{amabis:2006,
      title = "Fundamentos da Biologia Moderna",
      publisher = "Moderna",
      year = "2006",
      author = "Amabis, Jose Mariano and Martho, Gilberto Rodrigues",
      address = "Sao Paulo, Brazil",
      edition = "4",
      pages = "128"
}

@ARTICLE{stanley:2002,
    author="Stanley, Kenneth O. and Miikkulainen, Risto",
    title="Evolving Neural Networks through Augmenting Topologies",
    journal="Evolutionary Computation",
    volume="10",
    number="2",
    pages="99--127",
    year="2002"
}

@ARTICLE{johnson:1966,
    author="Johnson, SC",
    title="Hierarchical clustering schemes",
    journal="Psychometrika",
    volume="32",
    number="2",
    pages="241--254",
    year="1966"
}

@ARTICLE{helles:2009,
    author="Helles, Glennie and Fonseca, Rasmus",
    title="Predicting dihedral angle probability distributions for protein coil residues from primary sequence using neural networks",
    journal="BMC Bioinformatics",
    volume="10",
    number="1",
    pages="338",
    year="2009"
}

@ARTICLE{tayarani:2013,
    author="Tayarani, A and Baratian, A and Naghibi Sistani, M-B and Saberi, MR and Tehranizadeh, Z",
    title="Artificial Neural Networks Analysis Used to Evaluate the Molecular Interactions between Selected Drugs and Human Cyclooxygenase2 Receptor",
    journal="Iranian Journal of Basic Medical Sciences.",
    volume="16",
    number="11",
    pages="1196--1202",
    year="2013"
}

@ARTICLE{basheer:2000,
    author="Basheer, I. A and Hajmeer, M",
    title="Artificial neural networks: fundamentals, computing, design, and application",
    journal="Journal of Microbiological Methods",
    volume="43",
    number="1",
    pages="3--31",
    year="2000"
}

@ARTICLE{hornik:1991,
    author="Hornik, Kurt",
    title="Approximation capabilities of multilayer feedforward networks",
    journal="Neural Networks",
    volume="4",
    number="2",
    pages="251-–257",
    year="1991"
}

@article{schaul:2010,
	title={PyBrain},
	author={Schaul, Tom and Bayer, Justin and Wierstra, Daan and Sun, Yi and Felder, Martin and Sehnke, Frank and R{\"u}ckstie{\ss}, Thomas and Schmidhuber, J{\"u}rgen},
	journal={Journal of Machine Learning Research},
	volume={11},
	number={Feb},
	pages={743--746},
	year={2010}
}

@ARTICLE{sakae:2015,
    author="Sakae, Y. and Hiroyasu, T. and Miki, M. and Okamoto, Y.",
    title="Protein structure predictions by parallel simulated annealing molecular dynamics using genetic crossover.",
    journal="Journal of Computational Chemistry",
    volume="32",
    number="7",
    pages="1353-–60",
    year="2011"
}

@Misc{scipy,
  author = "Jones, Eric and Oliphant, Travis and Peterson, Pearu and others",
  title = "{SciPy}: Open source scientific tools for {Python}",
  year = "2001--",
  url = "http://www.scipy.org/",
  note = "Online; accessed 2016-01-28"
}

@Misc{multineat,
  author = "Peter Chervenski",
  title = "MultiNEAT",
  year = " 2012--",
  url = "http://www.multineat.com/",
  note = "Online; accessed 2016-01-28"
}

